2416 4096
261 189 336 261 DE
378 185 548 256 LE'GE'
574 186 918 259 NATURALI.
1029 211 1050 274 3

80 291 148 387 lpfis
169 297 307 373 a'bllr'adia
325 326 341 384 3
370 299 485 366 antiis
504 296 539 363 ἃ
560 295 686 378 poteslas
707 296 838 376 corporei
860 296 963 366 mundi
984 344 995 379 ,
1026 321 1093 382 quae

79 389 252 467 neminem,
272 399 466 466 preterquam
488 379 623 446 amat&
645 374 735 472 uult,
769 379 845 471 cogit
865 379 902 444 ad
923 380 1056 448 officium
1079 430 1091 450 .

79 470 229 548 Accedit,
250 466 335 548 quo'd
354 462 453 542 opinio
475 462 559 544 Dei,-
588 458 621 525 ἃ
642 461 715 540 legis
736 457 859 536 aucuns
877 479 992 530 natutae
1013 464 1092 532 aden

77 553 152 632 apud
171 563 281 617 omnes
300 546 430 611 homines
450 546 691 624 reciprocantur,
712 559 746 607 ut
768 541 899 627 alterum,
914 542 975 610 sine
989 545 1090 616 altera

73 644 172 698 nemo·
186 637 315 711 unquam
334 625 505 694 abstulerit.
530 625 629 694 Vetus
648 623 806 703 insipieus,
827 621 865 686 de
883 643 941 704 quo
964 628 1088 710 David,

74 717 183 781 Deum
206 711 343 791 abstulit3·
363 709 434 774 inde
454 705 582 786 corrupti
597 705 677 797 [asli
692 706 788 786 sunt,
810 706 850 770 (J
873 705 1086 778 abominabiles

74 797 144 862 dics
161 793 244 872 einer
294 792 352 861 uod
373 790 460 855 nullo
481 786 589 854 scilicet
609 809 673 865 pure
694 787 723 852 se
744 802 840 852 teneti
863 788 986 865 amplius
1006 796 1088 858 arbi-

75 875 240 944 tratuslit.
322 872 468 937 heodotus
489 871 633 946 Atheus,
670 868 707 932 de
727 880 788 949 quo
808 868 896 945 plura
928 865 1085 954 Laertius,

74 978 138 1023 cum
160 957 245 1024 Deos
265 946 442 1030 sustulisset,
470 950 500 1016 ld
521 952 600 1036 quod
621 963 686 1014 etat
707 949 908 1039 consequeus,¹
939 951 1014 1016 nihil
1034 976 1087 1020 na.

31 1077 34 1085 ι
74 1046 138 1107 iura
160 1047 248 1117 turpe
271 1051 323 1102 aut
342 1035 517 1116 humellum,
548 1031 624 1098 nihil
644 1029 752 1110 julium
785 1036 836 1122 aui
868 1031 1010 1109 inpulsum
1033 1036 1089 1101 else

67 1121 185 1189 dttcuit.¹
207 1118 436 1184 Exterminavir
455 1136 491 1181 et
514 1115 617 1181 muudi
639 1119 709 1178 cura
729 1113 830 1180 Deum
848 1111 1016 1191 Epicurus:
1041 1116 1091 1184 sed

66 1204 144 1269 idem
167 1199 287 1283 posuit,
309 1199 400 1264 solam
423 1193 478 1262 csse
499 1198 661 1264 utilitatem
685 1193 750 1272 iulii
770 1192 804 1258 δι’
825 1197 900 1276 requi
923 1214 1085 1265 matrem.

64 1284 220 1367 Quocirca
242 1280 392 1362 perspesie
413 1280 524 1345 Cicero
546 1277 775 1357 animaduertit,
800 1277 889 1354 Deo,
910 1296 961 1344 aut
984 1280 1087 1360 provi·
1151 1300 1156 1315 ⁸

62 1366 168 1443 dentia
190 1363 326 1442 ablatis,
355 1380 394 1426 rte
414 1359 553 1439 justitiam
574 1363 702 1440 quidem.
716 1360 807 1423 ullam
830 1376 865 1422 ac
885 1357 972 1424 fidem
1004 1363 1086 1428 inter

65 1446 207 1511 homines
227 1443 283 1509 elie
303 1445 380 1525 posse
399 1475 408 1508 ε
430 1442 515 1507 Idem
536 1456 611 1508 uerti
631 1435 844 1506 cruciationem
865 1437 902 1503 de
925 1441 1084 1521 Legibusa

65 1528 140 1592 Deo
159 1524 347 1609 auspicatur:
383 1524 464 1604 quod
484 1519 517 1585 δι
537 1538 640 1601 egerat
663 1522 774 1600 Plato,
805 1539 893 1599 quern
916 1519 967 1586 ille
996 1525 1032 1588 iis
1052 1528 1085 1594 itt

66 1607 152 1673 libris
172 1606 353 1671 imitandum
375 1602 518 1681 suscepit·
540 1603 607 1681 Jam
630 1602 742 1666 novelli
764 1601 919 1679 homines,
938 1602 990 1684 qui
1011 1605 1088 1682 juris¹

66 1708 182 1755 naturae
202 1705 311 1756 nervos
331 1701 436 1751 omues
455 1684 587 1750 incidere
606 1683 708 1748 conati
729 1681 821 1759 sunt,
841 1683 871 1746 in
894 1684 996 1761 primis
1016 1703 1087 1766 pro.

63 1769 124 1836 sani
146 1768 191 1834 illi
213 1760 373 1845 Holnbius,
394 1765 427 1831 ἃ
450 1765 601 1845 Spinoz'a,
621 1761 719 1832 Athei
741 1763 823 1830 suilie
843 1764 1087 1858 convincuntur,

63 1853 117 1918 Ad
139 1851 223 1930 haec,
243 1849 297 1915 nifi
320 1851 422 1915 Deum
443 1847 499 1913 elle
518 1849 657 1916 omnibus
678 1848 852 1912 incivitate
873 1863 967 1912 uttam
990 1847 1084 1915 socia·

60 1935 119 2000 lem
140 1933 314 2012 degentibus
335 1930 369 1998 fit
391 1931 581 2011 persuasum,
601 1945 754 2012 parentem
776 1929 919 1994 nimitum
941 1931 1081 1998 omniurn·

60 2036 95 2082 ac
115 2014 357 2091 dominatorem
378 2034 439 2078 non
461 2013 575 2091 potest,
594 2013 674 2092 quod
694 2027 747 2087 pet
769 2009 846 2075 seell
869 2009 1084 2093 perspicuum,

61 2093 114 2161 nisi
136 2096 197 2172 sola
218 2095 350 2160 utilitate
370 2092 476 2172 iustum
498 2094 536 2158 ab
557 2093 665 2169 iujulio
686 2092 816 2160 secerni.
847 2092 920 2172 Qua
942 2093 1079 2162 dosirin'a

61 2174 136 2242 nihil
157 2175 198 2240 est
218 2173 418 2256 pestilentius,
451 2189 540 2254 atque
561 2177 598 2241 nd
619 2173 754 2236 homines
774 2173 910 2239 aduersus
941 2175 1080 2244 homines

61 2258 219 2324 armandos
239 2257 517 2333 accommodatius,·
540 2253 615 2321 nihil
638 2253 773 2330 civitati,
797 2255 1000 2335 totiqueadeo
1020 2260 1076 2324 hu-

56 2343 171 2405 minum
194 2341 295 2420 generi
316 2335 465 2405 infestius·
487 2337 524 2403 sd
544 2335 625 2418 quod
646 2335 790 2429 videmur·
801 2336 994 2402 continenter
1004 2355 1078 2403 cott-

56 2424 171 2500 lingere
192 2422 370 2502 ubicumque
390 2437 442 2486 aut
464 2420 493 2485 in
513 2418 636 2498 integris
657 2417 870 2494 societattbus,¹
889 2433 943 2484 aut
964 2419 995 2483 in
1018 2420 1079 2498 pei.

58 2504 135 2564 vatis
155 2503 324 2566 hominibus
345 2522 381 2568 ea
401 2502 542 2581 praevalet
561 2500 622 2581 legi
643 2498 676 2565 δι
698 2499 827 2565 rationi.-
849 2500 1077 2579 Itaqueconlli·

59 2582 288 2658 tuendum-eil,
308 2582 417 2658 institia
436 2582 632 2648 &honestate
653 2593 756 2644 veiam
767 2581 888 2657 quidem
912 2579 1076 2652 utilitatem

57 2658 159 2740 effici,
179 2660 227 2724 sed
248 2661 363 2740 longius
384 2672 485 2726 tamen
506 2681 571 2729 eam
595 2660 811 2752 repetendam,
830 2663 968 2743 quantuli
987 2669 1073 2736 utili.

55 2749 141 2823 tate3
162 2740 328 2807 utilitatem
348 2742 447 2821 potius
467 2741 693 2831 erinsormatis
713 2740 784 2820 legis
803 2753 916 2808 natutae
935 2747 1071 2816 nunioni-

54 2825 130 2902 bus,
161 2822 232 2888 idesl
262 2841 299 2889 er
321 2822 483 2904 anticipata
504 2822 614 2899 militia
642 2821 675 2887 dr
707 2821 857 2890 honestate
879 2823 1037 2897 finiendam
1058 2834 1077 2900 .“

51 2905 261 2989 Quamobrem
283 2914 463 2987 quamquam
485 2923 552 2969 mea
573 2904 685 2984 semper
714 2902 858 2971 sententia
888 2906 944 2974 suit
963 2951 975 2993 ,κ
1002 2934 1070 2991 quac

51 2986 195 3066 honesta,
224 2987 327 3054 eadem
349 2982 406 3052 elle
427 2984 460 3051 ἃ
482 2987 593 3066 utilia,
623 3007 678 3051 nec
699 2986 798 3067 turpia
818 2984 852 3051 ἃ
872 2986 977 3068 injussa
999 3013 1070 3056 vete

50 3068 164 3149 utilia;
193 3083 295 3134 tamen
315 3069 357 3135 ita
381 3068 442 3134 haec
463 3069 606 3135 tradenda
629 3069 694 3132 sunt
717 3115 727 3148 ,
759 3085 791 3134 ut
821 3071 1008 3149 intelligatur
1028 3074 1068 3137 ab

49 3147 201 3214 stouellate
221 3168 322 3215 ueram
344 3150 505 3216 ulilitatem
528 3147 632 3231 nasci,
649 3162 708 3214 uon
731 3162 861 3229 contra,
882 3149 1064 3218 honestatem

52 3230 182 3296 utilitate
202 3231 302 3297 metiti
324 3255 334 3312 3
364 3233 497 3314 adeoque
518 3231 648 3312 regulam
671 3232 805 3311 honesti,
836 3235 870 3294 ἃ
892 3232 956 3307 julli
980 3238 1066 3304 omni

53 3311 108 3373 elle
127 3311 258 3378 utilitate
278 3313 497 3394 antiquiorem.
520 3313 612 3378 Unde
622 3329 722 3378 autem
735 3333 795 3392 ea,
814 3309 868 3374 nist
889 3331 907 3375 a
927 3319 1065 3392 praelian-
1174 3362 1178 3376 ι

52 3390 160 3456 tilstmo
181 3408 295 3459 naturae
316 3394 482 3472 legislatore
503 3397 673 3476 repetetur?
698 3395 773 3474 Non
797 3394 902 3470 ignoro
922 3398 979 3463 csse
1001 3402 1064 3479 plc-

49 3470 176 3565 rosque,
192 3472 299 3556 quibus
320 3476 415 3556 placet
435 3464 532 3555 legem
552 3482 666 3542 nat‘utae
685 3475 742 3539 eise
762 3491 813 3536 eas
834 3481 1062 3542 natutaehuma·

47 3575 96 3618 uae
117 3553 343 3639 inclinationes,
362 3557 589 3637 appetitusque,
620 3555 727 3637 quibus
748 3557 928 3622 naturaliter
948 3561 984 3622 ad
1005 3560 1061 3620 ob-

46 3631 127 3713 jetta
148 3632 233 3702 uobis
252 3653 423 3718 naturaeque
442 3639 545 3705 nolitne
564 3636 750 3787 pergeiezdae
769 3633 803 3701 ἃ
823 3640 1062 3783 οκρίεηάκῦεὲη·

955 3739 977 3782 2
1014 3752 1031 3767 .
