2414 4096
1098 97 1109 135 s

243 153 516 239 naraon
556 132 912 238 narniam,
1004 185 1041 240 u
1096 140 1099 155 '

62 270 145 345 aiam
169 270 232 336 suas
248 252 427 357 cupiditate}
448 264 618 347 adducere,
652 268 841 359 quotminus
871 263 1082 352 torqueatur:
1120 274 1122 278 ’

68 349 228 425 necessaria
249 348 331 440 maia
353 343 588 440 intumescere,
609 365 790 441 quominus
813 349 940 430 seutiatc
972 356 1083 420 volun.-

67 437 151 507 taria
172 451 244 497 veto
263 431 406 510 sapientia
425 423 459 491 δι
478 427 637 506 prudentia
658 445 777 510 tutare,
808 447 900 500 utne
921 435 1015 516 magis
1037 452 1084 504 et-

67 517 132 586 iam
153 515 245 580 miser
266 510 326 588 sat,
344 527 432 591 quana
453 524 565 586 natura
585 507 644 590 est,
676 509 735 575 Sed
756 527 791 576 ur
812 512 866 582 sua
886 516 1009 585 residias
1029 537 1084 585 na·

69 615 168 678 turp,
188 615 248 659 uec
269 606 346 658 erret
367 609 596 683 unquam‚·nec
617 591 686 662 usiic
704 590 916 672 cupiditatibus
927 598 1083 678 agitetur,

63 699 128 751 nec
148 677 252 752 mala,
269 672 577 753 intremiscere,
596 672 727 752 sentiat,
746 674 776 746 id
797 679 997 754 veroessrcere
1016 678 1086 749 nul-

69 760 105 833 10
126 755 215 838 padio
234 754 347 835 potest‚
387 753 495 836 Quam
525 755 567 819 ob
589 763 659 847 'iem
691 756 861 835 perridiculi
889 760 1082 835 mistibtoici

66 840 160 923 suisie
181 837 342 917 uideatur,
371 835 424 917 qui
451 855 494 900 eo
514 835 668 902 bominem
692 837 919 918 sophismatibus
940 840 995 908 sub
1013 863 1084 910 eve·

71 915 148 988 bete
167 918 373 998 conabantur,
393 936 456 997 quo
473 917 518 982 ite
537 934 604 983 tnta
625 915 730 983 tefistit
750 935 878 988 natura.
913 921 1009 1002 Quasi
1030 925 1084 991 sci÷

76 1003 150 1071 sicet
170 998 225 1082 qui
244 1014 352 1065 natum
373 995 696 1077 &necessarinmiseri
717 998 834 1081 snmus,
853 1018 889 1069 ut
902 1004 1086 1072 demonstra-

71 1098 138 1151 tum
161 1085 225 1160 esi,
239 1076 419 1173 'phantastm
436 1080 523 1173 reiut
540 1080 749 1160 nefiambuii,
771 1082 850 1150 beati
861 1084 918 1150 esse
927 1084 1088 1166 possamus,

73 1167 125 1243 Re
145 1167 251 1241 enim,
271 1173 332 1230 non
354 1178 592 1243 imaginatione,
623 1164 684 1230 staec
704 1162 790 1230 nobis
811 1166 967 1233 beatitudo
987 1168 1089 1243 conci-

66 1239 174 1316 bianda
196 1245 261 1322 cii,
282 1241 422 1336 squidem
444 1243 532 1324 utilitas
551 1243 843 1328 suturaest'puetii,
1080 1282 1082 1287 κ
1190 1277 1192 1280 ·

116 1328 147 1411 §.
166 1325 269 1401 XVI,
291 1324 413 1404 Quibus
447 1343 484 1390 ex
506 1325 593 1394 rebus
614 1327 686 1400 iilud
708 1325 763 1408 fit,
796 1327 972 1412 bominem,
994 1347 1029 1398 ut
1050 1330 1087 1398 fit

78 1411 139 1477 und
182 1428 278 1489 nuque
299 1408 423 1498 beatur,
444 1403 577 1498 indigere
594 1421 657 1488 ope·
677 1408 753 1474 entis
773 1409 999 1493 sapientissrmi‚
1019 1433 1087 1493 pet·

78 1489 155 1572 iasii
182 1491 248 1568 nti,
266 1485 490 1567 potentissima.-
510 1508 589 1553 nam
603 1511 658 1559 nec
678 1488 798 1557 finitum
820 1489 1008 1576 inteisebbutn
1019 1514 1087 1575 per·

79 1570 155 1640 sabbe
173 1571 336 1638 emendare
357 1568 476 1650 potest,
497 1567 549 1636 nist
572 1569 689 1636 infinita
708 1571 873 1650 sapientia:
896 1581 960 1640 nec
992 1591 1081 1640 natu-

76 1646 1086 1813 aa”annuuntiabantsanititati}

78 1807 283 1898 potentissime
304 1777 445 1894 amoiiri,
475 1810 529 1878 nisa
551 1814 666 1889 infinita
685 1817 847 1895 potentia.
889 1817 1044 1903 Quocirca
1064 1815 1087 1884 fi

74 1896 192 1991 nussum
214 1895 249 1962 stt
270 1898 302 1961 in
322 1895 461 1990 universp
479 1916 531 1961 eus
551 1895 871 1991 intelligentissimum,
904 1899 1053 1979 optimum
1075 1944 1088 1982 ‚

73 1977 336 2062 potentissimum,
366 1995 504 2042 omarum
533 1979 754 2060 animantium,
783 1998 848 2059 quaa
879 1979 1012 2047 interra
1042 1979 1088 2063 gi-

75 2078 229 2142 gnuntur,
250 2054 431 2124 miserrimus
451 2055 486 2125 stt
506 2056 600 2124 bomo
621 2059 733 2125 necesse
751 2060 818 2125 est:
842 2064 951 2144 quippe
971 2061 1023 2152 qui
1036 2082 1086 2128 eac

78 2143 111 2207 in
134 2141 161 2207 se
181 2139 304 2208 miseriae
325 2139 422 2203 causas
450 2139 559 2218 habet,
588 2142 694 2222 quibus
712 2159 820 2206 ceterae
850 2145 1015 2211 animantes
1036 2144 1088 2212 de·

78 2223 259 2299 situantur,
295 2236 452 2298 uagantem
482 2220 651 2305 rationem,
680 2219 714 2287 &
743 2222 855 2287 infiniti
888 2225 1088 2305 appetitum.

76 2307 164 2373 Nam
186 2325 229 2371 eae
252 2303 401 2385 postquam
426 2302 524 2368 ventri
545 2302 579 2372 bt
601 2303 702 2369 veneri
718 2302 913 2392 satissecere,
933 2305 1023 2369 nullis
1043 2305 1087 2369 se·
1152 2370 1155 2385 ,

77 2408 112 2452 re
133 2385 199 2453 asiis
219 2381 428 2465 cupiditatibus
447 2384 677 2467 perturbantur.
701 2385 867 2466 Quumque
888 2407 948 2452 non
969 2383 1026 2451 snt
1044 2384 1090 2468 in·

77 2468 158 2536 siniti
177 2484 354 2548 appetentes
365 2511 376 2545 ,
396 2466 434 2530 ad
454 2481 614 2559 naturam,
635 2487 698 2534 non
717 2467 756 2533 nd
775 2466 952 2557 libidinem,
973 2481 1092 2534 utura·

79 2549 127 2628 jor
149 2549 306 2631 bominum
329 2566 419 2627 pars,
440 2565 545 2613 vivunt
567 2549 636 2626 (a).
964 2563 979 2575 ·'

125 2629 154 2710 §.
174 2624 291 2697 XVII.
313 2631 420 2706 Atque
440 2627 518 2692 idem
541 2649 631 2706 porro
651 2627 810 2711 sequitur,
836 2628 857 2693 si
877 2628 997 2711 quidem
1018 2627 1092 2696 exsi-

81 2710 139 2805 stat
159 2709 188 2775 iu
210 2710 352 2775 universo
372 2727 425 2802 ens
445 2707 771 2793 intelligentisstrnum‚
791 2713 961 2794 optimum,
980 2730 1091 2805 poten-

76 2791 245 2869 trssrmum,
268 2790 316 2856 sed
336 2790 462 2855 untuetfi
484 2791 601 2857 nuliam
623 2812 746 2871 curam,
766 2793 940 2875 nullamque
952 2811 1094 2875 procura·

79 2874 196 2942 tionem
220 2890 326 2954 gerat,
356 2893 411 2936 nec
440 2871 534 2949 uliam
565 2874 674 2940 habeat
695 2873 818 2939 humani
846 2877 962 2956 generis
991 2874 1094 2952 provi-

76 2955 233 3035 dentiam
255 2954 465 3036 Quamobrem
488 2953 605 3033 Annei,
626 2953 677 3036 qui
699 2975 792 3021 omne
811 2958 937 3024 Numen
959 2953 1094 3035 toliuns,

79 3038 116 3104 δι
138 3035 306 3128 Epicurei,
326 3036 378 3118 qui
400 3036 503 3128 Deum
526 3055 663 3127 ponunt²
685 3035 733 3102 sed
753 3056 875 3108 omnem
894 3041 924 3104 ei
946 3038 1095 3115 denegant

79 3119 329 3201 providentiam,
360 3114 437 3181 st&
461 3114 524 3199 sut,
556 3115 590 3181 δε
610 3119 811 3197 huiuscemodi
843 3136 944 3185 rerum
981 3133 1095 3185 naturae

75 3200 234 3268 interdum
256 3197 507 3275 reminiscantur,
538 3219 577 3265 ue
599 3217 690 3267 neunt
711 3220 771 3267 nou
794 3200 851 3267 eise
871 3198 1007 3265 omnium
1028 3199 1095 3265 ani·

80 3279 232 3350 mantiam
255 3278 433 3349 miserrimi.
475 3281 559 3346 Nam
649 3281 765 3349 instram
787 3281 914 3349 cuilibet
944 3280 1094 3348 miseriam

991 3383 1054 3430 uon

81 3556 398 3593 ‘Qu—-
712 3541 1098 3578 *a*

127 3688 183 3767 (a)
207 3686 280 3770 Vide
299 3687 331 3757 ia
349 3685 444 3757 Circe
464 3686 512 3757 dci
533 3687 638 3758 Gelli.
691 3733 694 3741 ·
