2416 4096
300 140 375 213 ua:
413 139 566 211 caue
609 137 955 215 marcuart.
1046 167 1081 232 μ

118 238 186 344 quae
197 257 245 326 srbi
254 255 451 322 consentanea
463 252 529 319 sun't
540 271 554 328 ,·
574 271 630 317 nec
642 267 677 318 ut
686 250 773 318 aliter
784 273 1013 339 procrearetur,
1034 280 1126 340 quntn

119 343 242 410 minime
262 337 314 404 sibi
336 335 482 402 sufficiens
500 335 684 412 procreanda
706 350 791 414 erar,
809 337 871 403 fieri
895 341 1027 422 potuit.
1068 343 1128 408 Sed

119 447 209 511 quum
227 421 313 504 plura
334 416 414 497 stur,
433 432 497 498 quae
517 434 582 479 eam
604 415 752 483 delituere
772 419 905 501 poliunt,
925 439 978 489 aut
999 423 1129 492 infelici·

121 526 204 588 τινες
223 495 340 595 neeesse
361 498 438 577 suit,
456 511 490 566 ut
509 516 545 590 ea
567 510 629 565 ram
652 497 759 566 flexilis
777 504 988 588 generaretur,
1020 523 1055 573 ut
1075 509 1128 571 de·

115 587 237 658 fleldere
251 583 297 648 ab
318 583 352 648 rit
371 581 481 661 pollet:
511 576 543 641 br
564 577 655 658 igitur
683 592 784 646 motus
814 578 928 647 secundi
957 587 988 652 in
1009 609 1045 656 ea
1066 588 1127 655 esse

110 671 265 738 delinere.
285 665 354 730 Nec
374 683 446 727 veto
466 661 524 725 lloc
543 661 643 726 nullm
662 663 1063 755 ingeniocomminileimut,
1075 668 1125 738 sed

113 765 261 834 perpetuo
280 745 407 824 experiri
428 736 520 818 licet,
544 738 564 805 sr
585 757 847 824 attentenos,ac
868 744 1031 818 reenollrab
1050 775 1124 820 con-

116 826 356 900 sideraverimus.
376 819 481 891 lnlaus
501 823 630 891 llammae
650 822 817 906 velutiper·
827 826 930 906 jocum
944 830 1124 907 manninad·

114 926 238 993 movet,
258 925 316 975 nec
336 907 375 972 ab
394 927 430 972 ea
451 919 592 988 revocat,
623 898 676 973 nili
697 925 851 986 expertus.
883 910 993 975 Homo
1011 912 1123 983 bomini

114 997 191 1075 sese,
211 1013 246 1061 ac
267 991 319 1057 sua
339 988 457 1066 credit,
477 980 530 1053 nili
551 988 674 1055 lallaciis
694 988 797 1058 dolius
817 988 852 1056 stt
872 982 1027 1061 diffidere.
1056 997 1126 1062 Pri-

110 1098 178 1143 ruut
195 1094 269 1155 ergo
290 1084 391 1136 motus
408 1066 539 1137 hominis
558 1071 693 1138 adversus
713 1071 855 1165 homiues*
869 1072 981 1138 amoris
1003 1074 1069 1158 est,
1090 1097 1125 1142 ac

108 1157 244 1226 fiducia:
268 1152 454 1220 bicdirellut
473 1152 536 1216 est:
560 1169 657 1221 metus
676 1173 711 1219 ac
730 1153 892 1221 diffidentia
915 1154 1042 1223 reflexus
1062 1156 1124 1236 cll;

106 1261 172 1308 non
192 1238 286 1319 igitur
305 1235 437 1316 primus.
459 1231 538 1315 Quis
557 1236 712 1301 enimuero
732 1236 851 1317 oderit,
873 1232 927 1304 nist
949 1239 1063 1306 malurn
1087 1235 1125 1305 snt

107 1332 269 1402 expetent,
289 1317 369 1396 quod
390 1316 485 1382 odit?
518 1315 626 1396 Itaque
648 1317 798 1398 ingenium
821 1318 950 1386 hominis
972 1341 1010 1388 ex
1043 1320 1126 1388 dire·

107 1403 165 1472 biis
184 1401 314 1465 motibus
332 1414 396 1465 erat
414 1397 613 1463 estimandum
630 1443 641 1476 ,
661 1420 723 1475 non
743 1420 779 1463 ex
801 1390 935 1467 reflexis.

151 1481 273 1564 §.vlt
295 1480 365 1547 Nec
385 1499 459 1544 vero
479 1481 573 1557 magis
582 1497 670 1545 acute
681 1478 833 1545 Pollnlata
843 1481 1014 1550 constituite
1034 1486 1120 1552 Nom

108 1564 188 1645 quod
209 1563 280 1639 ait,
309 1559 612 1637 naturalemhominl
634 1563 691 1626 elle
711 1559 903 1638 cupiditatem
924 1566 1054 1630 omnium
1075 1588 1121 1632 re-

109 1658 177 1721 rnm
199 1645 284 1711 nsum
306 1642 343 1705 ad
364 1643 392 1705 le
413 1640 569 1718 tradendi,
599 1641 683 1706 id&
705 1640 875 1721 ambiguum
895 1643 935 1708 est
957 1685 968 1721 ‚
996 1644 1030 1710 dc
1060 1667 1122 1712 non
1185 1679 1192 1686 ·

107 1727 198 1792 video
217 1722 360 1809 probari,
380 1720 433 1786 rifi
454 1721 598 1802 exemplis
617 1735 733 1788 naturae
753 1724 934 1789 commercio
958 1727 1027 1792 vitae
1047 1726 1122 1792 civi-

102 1807 161 1889 lis,
179 1807 212 1872 dt
233 1802 392 1879 alselslibus¹
410 1804 597 1897 depravatae.
639 1800 756 1870 Omnia
778 1804 859 1891 enim
888 1806 925 1873 ad
947 1806 978 1872 se
998 1806 1122 1873 trabere

102 1912 158 1957 nec
178 1901 292 1956 naturae
311 1882 599 1965 lr'omlnitammali,
621 1907 676 1951 nec
686 1885 828 1953 rationali
850 1884 1116 1955 necessatiumesl:

101 1992 140 2038 et
160 1992 223 2053 quo
243 1967 311 2034 satis
331 1981 433 2046 aperte
453 1965 615 2047 intelligo,
635 1981 751 2035 tantam
774 1967 969 2049 cupiditatem
1001 1991 1064 2037 non
1096 1994 1114 2038 a

102 2066 213 2118 natura
233 2050 308 2125 esse,
330 2048 376 2110 sed
398 2067 415 2111 a
436 2047 580 2114 libidine:
603 2050 680 2114 banc
700 2050 739 2114 ab
760 2052 831 2132 usur
854 2052 986 2136 quippe,
1017 2068 1050 2119 ut
1072 2053 1117 2118 ait

102 2128 255 2213 JullinuS,
278 2128 388 2194 ibidem
408 2126 775 2218 divitiarurrr‘rnpidoesl,
796 2131 847 2198 ubi
860 2134 1003 2213 &usust
1025 2150 1116 2199 natu-

102 2233 136 2278 ra
158 2211 272 2277 nullutn
296 2207 429 2287 animal,
449 2207 502 2272 msr
523 2210 560 2272 ad
580 2209 745 2273 necessaria-
759 2211 857 2291 rapit.
898 2214 1020 2279 Nature
1050 2219 1117 2280 ani-

100 2291 186 2360 malis
208 2292 244 2357 iis
264 2302 407 2357 contenta
416 2288 478 2371 ess,
497 2305 563 2371 quae
584 2288 636 2356 srbi
650 2288 817 2370 sufficiunt,
838 2290 925 2355 utin
946 2296 1030 2357 omni
1052 2298 1118 2359 nni-

97 2373 245 2457 mantium
266 2391 375 2454 genere
394 2371 496 2436 videre
516 2373 615 2438 licet:
647 2392 682 2438 ea
705 2387 776 2437 vero
796 2393 852 2440 nec
884 2372 988 2439 omnia
1018 2373 1083 2438 sunt
1105 2417 1116 2447 ,
1151 2451 1155 2463 Ι

99 2478 156 2522 nec
170 2457 284 2521 multa.
307 2457 470 2534 Agnovere
491 2454 522 2518 id
543 2464 658 2521 ueteres
676 2473 802 2536 omues,-
823 2453 874 2536 qui
898 2471 1115 2534 natnraepanca

95 2532 229 2617 sufficere
246 2546 354 2613 magna
374 2534 586 2615 approbatione
607 2537 768 2601 dixerunt.
811 2537 991 2615 Agnoscunt
1012 2534 1114 2605 bodie-

98 2636 159 2698 que
178 2615 358 2695 quicumque
377 2633 478 2679 earum
500 2616 657 2682 nationum
680 2636 778 2680 mores
808 2636 901 2695 prope
923 2617 1112 2701 inspexere,

96 2698 149 2779 qui
161 2693 223 2761 stne
242 2695 314 2762 vltae
333 2694 423 2767 buius
440 2697 545 2783 nollrae
565 2695 699 2761 tumultu
720 2697 757 2759 ad
778 2710 893 2764 natura
911 2699 1112 2781 praescriptum

96 2780 225 2857 vivunt,
260 2790 384 2859 queque
403 2775 536 2842 nondum
569 2775 734 2842 coliturum
763 2778 897 2856 gentium
927 2783 1110 2850 commercio

93 2862 265 2940 depravatae
285 2859 370 2925 snut.
404 2859 473 2938 Jam
496 2878 551 2925 nec
571 2859 728 2925 rationalir
746 2875 861 2927 natutae
880 2859 920 2927 eli
940 2864 1110 2942 hujusmodi

94 2941 260 3023 cupiditas,
281 2940 300 3005 sr
322 2957 382 3005 non
403 2961 440 3005 ex
461 2939 615 3006 civitatum
639 2941 781 3021 libidine,
802 2941 849 3008 sed
870 2961 906 3009 er
927 2964 1039 3008 traturae
1054 2945 1110 3008 sla-

92 3041 127 3097 ru
148 3023 292 3089 censenda
312 3021 376 3088 ell:
411 3022 483 3088 talis*
502 3022 584 3087 enim
606 3022 760 3089 rationalis
790 3037 897 3095 nutura
929 3024 1107 3105 cupiditates

90 3127 128 3172 et
150 3120 265 3170 naturae
283 3103 420 3169 animalis
439 3103 622 3185 indigentia,
641 3117 732 3184 atque
751 3128 789 3172 ex
810 3105 961 3184 utriusque
982 3105 1052 3166 vitre
1072 3102 1108 3177 15-
1183 3132 1187 3155 =

91 3209 131 3252 ne
152 3180 287 3251 dimetiri
308 3185 416 3267 deber,
438 3184 491 3252 nib
513 3187 586 3254 luxu'
607 3186 733 3254 insanire
754 3190 866 3270 coepit.
891 3188 985 3252 Nunc
1005 3198 1107 3250 autern

92 3265 126 3332 ot
145 3283 258 3334 naturae
279 3265 423 3346 uulneri,
443 3287 479 3334 ut
499 3267 583 3350 diri,
603 3269 750 3337 sufficiunt
761 3290 880 3351 pauca‚·
901 3267 1107 3332 &comnmo-

94 3367 150 3426 que
170 3351 238 3415 vitae
257 3347 319 3413 fine
341 3348 484 3426 superflua
505 3351 710 3430 concupiscere
729 3365 866 3430 pugnat:
889 3364 957 3410 nam
979 3344 1012 3412 ἃ
1034 3369 1107 3427 prat·
1197 3378 1199 3382 ⁸

94 3427 203 3493 sentem
226 3428 476 3510 tranquillitatem
499 3430 660 3507 plurimum
672 3433 772 3496 turbat
787 3425 939 3493 inutilium
962 3429 1105 3507 acsuper-

91 3508 219 3575 fluorum
239 3532 330 3593 cura,
361 3508 395 3575 dt
416 3511 588 3589 adplenum
610 3512 785 3578 solicitatem
817 3508 1019 3588 impeditiores
1051 3529 1104 3571 nos

92 3591 212 3658 reddit.
234 3593 379 3661 Praeclare
403 3591 568 3660 Horatius:

312 3691 315 3703 ·
407 3692 411 3698 ’
671 3671 704 3738 D
746 3692 764 3735 2
1010 3665 1067 3730 rlle
