2416 4096
167 189 247 240 v'ut

123 279 183 347 euri
194 332 204 367 ,
226 280 481 374 humanarumue
503 274 611 366 inscii,
634 273 673 346 (r
694 279 897 368 negligentes,
916 303 952 348 ea
957 283 1132 368 pertrahere·

120 363 275 446 nituntur,
295 384 355 448 qua
376 365 436 430 tlla
456 380 518 430 tota
538 362 580 428 ire
594 380 703 440 vetat,
722 360 881 448 quoquest
899 384 973 442 eat,
992 391 1047 431 mm
1067 363 1125 432 mi·

120 469 176 510 nnc
186 441 267 526 flere
282 443 390 530 pofflt,
411 469 500 530 quam
521 469 582 528 quc
594 443 715 528 adverso
728 441 857 526 flumine
875 444 1125 514 devehunturna·

121 524 246 594 olente.
277 536 322 592 Aa
342 550 391 611 ego
411 525 531 610 quidem
548 524 719 610 persuasum
733 526 851 610 semper
870 524 981 611 habui,
1000 524 1123 609 dixique

115 603 245 690 sapius,
267 623 326 698 ut,
346 605 482 693 quoniam
503 606 542 672 ab
564 606 641 673 omni
662 625 773 674 natura
785 604 886 689 'nostra
905 605 1123 689 imbecillitate,

120 687 220 755 dicam
240 707 332 754 ettam
342 683 606 780 dehonestamento,
626 711 663 754 ac
671 689 865 774 undequaque
882 687 1011 779 postlla
1023 687 1123 779 &alf

113 769 218 854 soluta
239 766 339 839 virtus
358 768 459 835 babere
480 767 603 855 nequit,
633 767 690 852 nist
708 794 727 835 ι
750 775 828 849 Deo,
857 791 911 854 qur
934 794 1027 835 rerum
1056 791 1124 834 une-

122 851 288 934 verfitatem
306 847 499 935 potentifflme
520 852 684 919 moderatur
705 850 906 934 (unrocum,
928 851 967 916 ab
987 869 1137 942 arpenn.

121 930 192 1000 dam
227 932 486 1016 sperandamque.
507 934 564 1000 Sed
582 932 675 1018 quu'm
696 941 820 1000 netteue
838 930 1125 1017 quidempremden·

123 982 242 1108 tirsum
256 1019 350 1082 terum
371 1031 494 1105 naturas
503 1032 636 1096 evertat,
649 1012 750 1109 fitque
761 1013 840 1082 illud
860 1014 891 1083 in
911 1012 1125 1106 aarumguber-

120 1115 236 1162 nattam
252 1094 502 1179 pulcherrumum,
524 1113 559 1161 ut
578 1093 729 1163 aliaaltt's
751 1095 874 1163 neraiis
895 1095 1125 1184 legtbucregan-

123 1195 190 1261 tur,
207 1198 334 1260 quarum
356 1176 444 1242 nulla
464 1175 529 1245 alia
547 1194 657 1260 queant
676 1178 730 1259 effe
750 1175 876 1245 illarum
895 1173 1125 1258 naturismagto

120 1259 333 1350 consentaneaj
386 1281 421 1323 ar
439 1255 478 1341 est
497 1278 529 1324 ut
551 1257 600 1324 boc
620 1262 767 1345 exemplar
799 1255 824 1326 ii
844 1256 1000 1324 imitentur
1020 1255 1059 1319 (J
1073 1255 1126 1337 se·

142 1355 252 1405 uantur
266 1275 455 1424 phtlossphh
475 1365 510 1405 aa
532 1341 737 1423 legumlatoree
757 1337 810 1427 qui
824 1337 894 1424 suis
909 1335 1125 1424 preceptisaut

121 1363 241 1505 legibus
261 1416 426 1505 quidquam
439 1423 476 1504 stt
496 1440 606 1488 natura
627 1421 759 1488 humana
780 1421 895 1488 beanda
925 1421 1029 1502 afferre
1042 1415 1127 1501 -poffe

123 1499 276 1594 confidunt
285 1525 301 1582 ;
322 1498 454 1586 alioquin
474 1500 530 1571 vie
551 1498 627 1588 lapfi
636 1547 647 1581 ,
667 1528 721 1587 quc
734 1502 875 1596 feruntur
884 1501 1077 1582 concitatius,
1095 1521 1128 1590 eo

123 1583 270 1650 hommum
286 1582 386 1664 generi
406 1583 577 1652 nocentiores
597 1583 652 1664 effe
666 1585 803 1672 poſjunt.
832 1586 888 1651 Sed
906 1608 957 1667 ec,
979 1581 1056 1648 ttrtde
1076 1577 1126 1645 dt·

122 1664 220 1756 grefflf
243 1658 302 1747 est,
324 1665 533 1737 redeatnratio
554 1655 665 1761 ucesiu.
1081 1738 1089 1754 .

162 1752 295 1829 Prema,
323 1772 385 1830 qun
405 1764 439 1812 ut
461 1747 492 1812 in
512 1749 608 1813 brutis
626 1745 858 1831 animantibus,
893 1745 939 1813 ita
958 1745 990 1811 in
1011 1744 1125 1811 homme

118 1822 298 1913 persentitur
319 1825 438 1908 magis,
459 1853 549 1912 quam
571 1823 838 1904 animadvertitur,
857 1823 1076 1914 propenfioall,
1090 1841 1126 1887 ut

51 1984 61 1995 „
117 1907 201 1992 fint.
224 1919 372 1991 Qunmer
394 1929 453 1974 tota
473 1925 703 1989 rerumnatura,
724 1904 1148 1996 amnibusqueejusqutalrta-¹

126 1987 226 2073 tibus,
249 2008 312 2056 tum
334 2015 401 2058 vero
421 2012 455 2055 ex
475 1995 560 2057 terelle
579 1987 697 2071 magis,
718 2013 807 2072 quam
828 2015 862 2055 er
882 1985 958 2065 hac,
976 1993 1039 2078 Det
1054 2007 1126 2064 erga

124 2068 398 2153 nospro'nielentt'am
419 2068 557 2158 aestimare
576 2070 675 2154 disco.
699 2068 852 2154 Numqui
872 2093 966 2137 aerum
987 2061 1127 2161 unsverfi·

125 2157 217 2218 tatem
238 2152 276 2224 <l
297 2172 331 2218 ut
348 2153 437 2237 esset,
460 2153 540 2221 &ut
555 2150 754 2239 pulcherrima
762 2155 850 2236 ellit,
869 2168 1057 2235 procreavit,
1071 2147 1150 2236 sa-v

121 2232 318 2319 pioretifflmut
339 2233 394 2304 ille
414 2233 544 2302 omnium
565 2235 625 2301 arti
641 2257 675 2301 ert
697 2233 735 2298 (9
755 2235 935 2315 moderator,
958 2228 1128 2320 hunereltuc

119 2315 252 2401 fingulis
272 2314 413 2401 impetum
439 2317 481 2380 (a
501 2317 584 2401 quast
597 2389 601 2396 ¹
616 2316 720 2399 cusum
740 2311 856 2381 indidit
873 2358 883 2383 ,
913 2332 947 2378 ut
979 2312 1040 2402 (Νι
1069 2323 1129 2373 tota

126 2417 235 2465 natura
246 2399 327 2482 sua,
348 2424 384 2465 ιι
402 2396 437 2465 vi
458 2399 643 2478 naturafua
662 2393 787 2478 equali,
817 2391 1067 2486 ideslnmextma,
1097 2403 1131 2480 ut
1170 2411 1174 2418 ’

130 2479 368 2561 efficonarmtur
381 2526 400 2560 „
413 2497 501 2563 utque
522 2474 610 2545 neella
630 2476 720 2559 causa
727 2477 817 2559 posset
836 2477 875 2542 ab
897 2474 938 2540 ric
956 2491 991 2538 ut
1014 2496 1051 2536 ne
1070 2471 1126 2550 ‘eſje

127 2560 424 2644 vellentimpetrare,
446 2558 501 2643 nist
521 2583 581 2646 qua
601 2578 636 2626 ut
651 2582 687 2641 ιι
695 2558 786 2650 eſjint
807 2551 1142 2653 quoqtee,·eademope·⁸¹

129 2664 164 2704 ra
185 2640 291 2712 efficere
312 2639 474 2724 quiviffet.
497 2643 567 2708 lude
586 2666 653 2711 vero
674 2639 728 2705 loac
748 2664 778 2705 tn
798 2661 876 2706 amnt
897 2653 1047 2704 animante
1066 2656 1134 2700 ant-

29 2714 35 2727 “
129 2719 313 2788 madvertere
334 2721 424 2787 licet:
443 2721 588 2814 principio
607 2742 642 2791 ut
661 2719 851 2804 nihilpriue,
873 2745 923 2786 ιιι
942 2715 1025 2800 quast
1044 2738 1135 2782 erear-

131 2799 240 2881 bitrio,
262 2798 300 2863 (Ψ
320 2798 472 2884 elelllene,
493 2802 645 2886 animique
664 2800 798 2882 confilio,
810 2802 870 2884 fied
888 2826 923 2866 ert
936 2797 1026 2889 ipſjus
1045 2811 1135 2885 natu·

130 2908 167 2950 rc
188 2880 348 3030 reecfftate
365 2883 517 2965 quadam,
534 2900 636 2947 ament
649 2882 811 2963 ,quamue
824 2877 909 2973 ſsut:
930 2875 1134 2965 derudeutfnt-

132 2963 179 3032 ln'l
198 2989 232 3031 ea
255 2986 299 3028 em
323 2980 433 3028 natura
451 2961 486 3030 vi
506 2987 557 3027 nec
573 2960 662 3047 prius
681 2985 731 3025 nec
752 2984 850 3053 magri
869 2977 1026 3041 metuant,
1047 2967 1137 3047 qu‘am

131 3065 166 3113 ut
184 3071 218 3112 ne
233 3043 316 3128 fint:
339 3064 401 3110 tum
413 3060 446 3108 ut
467 3045 583 3109 nullam
605 3044 639 3109 ob
653 3065 717 3119 rem·
731 3043 827 3108 altam
842 3059 931 3107 totam
953 3058 1136 3106 noturavtm

132 3126 269 3194 adhibere
281 3123 344 3208 fint
361 3140 498 3207 perpetuo
512 3142 644 3208 parata,
664 3148 754 3206 quam
776 3143 810 3188 ut
828 3148 862 3190 ea
881 3119 981 3189 omnia
1001 3145 1020 3186 ι
1033 3118 1070 3202 se
1092 3142 1136 3184 re-

130 3226 288 3288 moveant,
309 3204 417 3291 quibus
437 3219 470 3269 ut
491 3205 603 3352 ιιζξιι
623 3203 698 3286 effici
714 3202 827 3289 patella
850 3204 969 3270 tandem
992 3199 1137 3289 uteadqm

132 3287 167 3356 vi
190 3286 375 3356 incredibiles
397 3285 507 3352 labores
584 3286 695 3354 doloret
715 3288 793 3352 ultro
806 3286 954 3371 subeant,
978 3284 1016 3348 <t
1049 3280 1137 3362 ortes-

129 3364 205 3453 fitn'e
225 3371 366 3453 tolerent,
380 3368 412 3452 fi
433 3365 479 3433 ita
501 3365 544 3435 eis
557 3367 600 3450 fit
618 3368 812 3452 persuasum,
834 3393 887 3432 non
907 3364 1001 3433 aliter
1036 3386 1139 3453 eruere

128 3450 193 3535 sese
215 3448 312 3516 vitem
330 3453 425 3534 palli.
456 3447 578 3539 Quibus
596 3469 631 3516 'ert
652 3449 737 3516 rebus
751 3452 798 3532 fit
818 3448 913 3514 ut&
937 3447 1018 3524 nulli
1040 3466 1141 3526 mages

132 3558 197 3596 cum
219 3548 325 3597 natura
342 3552 491 3618 pergerent,
512 3555 601 3614 quam
623 3530 677 3614 qni
698 3528 787 3616 impie
806 3525 1006 3618 adgenuslgu
1020 3549 1140 3619 manum

131 3615 292 3680 tollendum
316 3607 428 3695 ingenii
450 3611 488 3678 Φ
506 3631 615 3680 natura
633 3609 713 3680 vires
728 3607 890 3699 prepolleat
910 3607 1140 3754 adlttbtntjl&

831 3716 832 3719 ’
877 3718 880 3723 ·
1018 3714 1057 3758 tra
1087 3711 1100 3752 t
1146 3719 1148 3727 ·
