2416 4096
66 134 95 224 ⁸,
135 140 162 204 8.
270 160 298 221 J
326 132 570 227 DISCIPL.
612 135 916 208 METAPH.‘

90 233 201 334 partiri
223 247 391 326 pollonus,
413 263 446 312 ut
466 242 533 312 aliae
553 246 589 311 ad
610 248 765 332 animum,
786 246 852 314 aliae
872 248 908 314 ad
929 260 1037 328 norpns
1059 267 1108 312 re·

51 345 55 354 ’
95 330 264 394 serantur.-
290 327 400 409 Itaque
418 346 553 394 veterum
588 328 835 409 Philosophorum
869 326 1114 396 concertationes.

95 410 133 477 de
145 409 233 491 fine,
264 406 318 474 oili
339 410 440 490 (quod
460 429 517 490 ego
536 410 666 489 opinor)
695 403 792 489 super'
800 407 890 477 caulis
909 408 1110 491 efficientibus

98 492 221 558 versata
237 510 341 556 omnes
361 491 481 556 luerunt
501 491 571 570 (a),
592 491 700 572 ineptae
720 491 858 573 prosedio
878 491 960 560 suere
982 517 990 558 ε
1035 494 1119 566 nam:

96 572 166 640 linis
187 570 316 639 hominis
337 594 398 639 non
429 571 521 650 norell
552 571 628 638 alius
658 573 735 654 elle,
764 567 982 654 nifipersena'
1012 573 1111 640 animi

96 654 199 736 quies,
233 673 267 719 ac
289 653 374 733 plena
395 649 429 718 &
451 654 558 719 {labilis
579 656 744 733 voluptas.
787 657 866 738 Quae
896 673 999 722 autem
1024 654 1112 720 (hanc

96 736 314 810 beatitudinem
336 733 468 801 efficiant
486 735 599 819 causor,
629 735 660 801 id
682 737 702 802 fi
723 737 768 803 illi
789 735 962 820 inquisivere
983 754 1112 803 conten·

96 817 220 897 tiosrus,
249 818 496 898 operaepretium
519 817 683 884 incenante
713 820 754 885 est
775 820 855 885 enim
878 819 1015 889 homanae
1037 819 1114 884 vitae

96 901 297 979 precipuum.
340 899 534 978 Quamquam
556 898 754 967 admiratione
774 902 894 980 dignum
924 899 1017 973 videri
1039 917 1115 979 pot·

97 983 159 1066 eli,
182 983 260 1047 viros
280 979 412 1060 alioquin
436 979 618 1045 acutissimos
639 1003 698 1046 non
721 980 929 1063 larissenum,
950 978 1114 1057 certinnos

97 1083 186 1144 atque
217 1063 246 1127 iu
270 1079 375 1130 natura
407 1063 504 1127 nollca
535 1058 631 1128 infixis
664 1062 785 1130 miletiae
816 1062 906 1131 caufis
936 1061 1042 1143 agitari
1071 1081 1112 1126 o-

96 1167 205 1224 mnes,
226 1145 399 1223 nullamque
421 1145 529 1208 habere
550 1143 579 1206 in
602 1140 707 1222 nobis,
730 1163 780 1211 aut
795 1147 857 1234 iic,
887 1167 953 1226 qnae
973 1165 1027 1208 nos
1048 1143 1110 1215 cir,-

97 1226 265 1309 cumliant,
285 1225 393 1303 rebus,
414 1245 500 1304 opem
544 1243 601 1300 oua
624 1227 664 1290 ita
686 1247 739 1292 nos
760 1247 794 1292 ac
815 1245 954 1292 naturam
976 1223 1110 1295 nostram

96 1305 239 1388 perficere
261 1305 419 1388 possimus,
440 1324 472 1371 ut
493 1326 578 1386 pene
598 1303 688 1371 snmus
708 1309 809 1375 beati.
840 1306 907 1376 Nifi
939 1305 953 1372 l
986 1306 1057 1373 talle
1077 1305 1112 1370 id

98 1390 251 1456 senserunt
280 1386 435 1471 quidem(
457 1385 524 1452 sunt
554 1388 634 1451 enim
666 1408 769 1454 eorum
802 1391 943 1471 praelata
994 1388 1111 1452 uaedam

100 1470 185 1551 supet
215 1470 271 1536 hac
303 1491 335 1534 re
366 1467 455 1533 effata
478 1470 512 1551 ),
544 1468 592 1533 sed
622 1469 783 1549 susceptam
815 1471 905 1536 semel
935 1469 1115 1561 disputatio·

98 1573 203 1631 nem,
235 1554 269 1618 ut
289 1569 375 1618 erant
399 1551 443 1616 illi
464 1553 499 1616 ad
522 1549 580 1617 sese
612 1567 717 1618 mutuo
739 1551 936 1638 conficiendos
954 1551 1079 1616 animati
1101 1572 1132 1628 ,τ

96 1656 135 1783 ft
157 1633 209 1702 usu
231 1634 395 1701 scholarum
417 1633 530 1718 magis,
550 1651 639 1715 quam
661 1655 698 1701 ex
720 1635 782 1702 veri
794 1655 895 1703 amore
915 1631 1048 1716 persequi
1058 1651 1116 1698 voa

113 1734 240 1785 uertmt.
280 1764 282 1782 2
1052 1780 1056 1789 .

141 1798 170 1880 §.
194 1797 293 1864 Vlll.
314 1794 442 1863 Miseria
465 1794 558 1874 polita
580 1800 620 1865 eli
642 1796 672 1865 in
693 1795 1117 1877 conscientladoloris&per-

100 1879 298 1959 tnrbationis..
320 1879 370 1942 Eo
385 1875 488 1971 ,maior
509 1896 608 1969 autem
631 1877 671 1942 est
692 1879 859 1958 hujusmodi
881 1880 1022 1961 miseria,
1051 1895 1121 2022 Ἐιιο,

19 2025 32 2041 χ
101 1961 242 2028 dolon&
264 1958 448 2051 perturbatio
469 1978 616 2036 majorem
649 1960 760 2027 habent
782 1961 1038 2050 intenfitatem&
1080 1980 1115 2023 o·

101 2045 250 2109 rationem
262 2065 273 2120 3
295 2057 415 2132 minor,
435 2061 495 2122 quo
516 2040 683 2126 minorem.
727 2042 895 2122 Proposrtio
916 2042 956 2109 est
977 2063 1060 2121 cnjus
1078 2060 1115 2107 ‚e-

101 2121 235 2190 videntia
256 2119 455 2201 exsupertote
476 2123 627 2200 axiomata
638 2142 760 2191 manat.
782 2123 1120 2207 Quoniamenimbea-

100 2203 199 2271 titudo
221 2180 313 2283 polita
336 2201 375 2266 ell
396 2204 427 2269 in
457 2202 635 2271 conscientia
667 2209 829 2283 voluptatis
860 2204 989 2284 undique
1020 2201 1087 2282 pers
1103 2242 1121 2258 ·

101 2283 182 2361 ἄιε,
211 2304 246 2349 ac
266 2281 405 2366 quidquid
427 2304 444 2351 a
466 2285 651 2353 beatitudine
673 2286 826 2366 desciscit,
848 2285 877 2348 id
899 2279 1015 2348 miseria
1036 2279 1075 2343 eli
1092 2305 1117 2373 ο,·

107 2363 260 2448 stquitnr,
273 2373 355 2438 *eum*
372 2365 429 2428 elle
449 2367 616 2447 miletump
632 2364 683 2446 qui
706 2365 797 2431 animi
819 2365 945 2444 dolore,
965 2359 1136 2442 agritudo

103 2467 162 2530 ne,
184 2460 274 2526 atque
294 2462 481 2525 quacumque
502 2447 726 2524 perturbatione
746 2445 895 2526 agitatur.
919 2445 995 2511 Inde
1005 2442 1058 2523 fit,
1081 2458 1129 2521 ut·

105 2529 305 2677 quslmsnws
326 2525 361 2607 stt
381 2524 582 2611 beatissimus,
604 2528 706 2594 omnia
725 2548 763 2615 ex
785 2527 838 2594 illo
849 2527 920 2595 hac·
932 2524 1132 2604 exuitione-²

105 2619 140 2676 ce
164 2627 259 2683 ent.
371 2665 372 2668 ,
1085 2674 1086 2677 ,
1119 2652 1129 2670 ..

150 2687 179 2774 §.
209 2691 272 2785 IX.
313 2692 419 2775 Homo
451 2688 548 2762 sallus
576 2691 750 2777 genitusque
781 2694 824 2763 ad
847 2689 1063 2759 beatitudinem
1100 2709 1121 2755 a

104 2791 211 2845 natura
235 2771 381 2840 videtur.
423 2775 529 2842 Homo
551 2795 656 2843 natura
689 2776 816 2852 [ellatur
846 2775 1054 2852 voluptatem,
1084 2765 1122 2833 lie

107 2852 313 2925 vehementius
342 2852 523 2933 majorem,
553 2853 793 2934 perleliiffimam
815 2854 1014 2930 ¹necellatio,
1044 2848 1118 2918 idest

108 2953 175 3006 tota
197 2936 248 3000 sua
268 2951 375 3001 natura
404 2937 439 3002 ἃ
460 2938 522 3012 vi.
563 2937 648 3002 Idem
671 2957 743 3001 vero
764 2935 915 3002 aversatur
947 2932 1083 3002 dolorem
1106 2980 1118 3016 ‚

106 3018 141 3087 δι
169 3015 289 3101 quidem
320 3017 465 3097 maiorem
499 3016 626 3101 magis,
665 3017 828 3082 maximum
861 3016 1054 3096 necessario,
1085 3033 1122 3080 ac

106 3116 172 3168 tota
194 3100 245 3165 sua
265 3115 405 3166 natura.
444 3097 523 3164 Sunt
543 3099 605 3165 lrarc
625 3097 762 3180 cuiqnam
784 3121 821 3163 ex
841 3099 952 3162 intimo
984 3097 1026 3163 sni
1057 3095 1122 3160 sen·

109 3182 142 3250 su
171 3198 244 3248 nota
274 3231 284 3248 .
326 3179 432 3262 Quum
464 3194 566 3247 autem
597 3180 752 3281 beatitudo
782 3179 817 3246 [ιι
849 3177 941 3261 posrta
971 3175 1122 3323 involllatu

1050 3281 1085 3323 u.

130 3626 133 3634 ι

61 3770 63 3773 ¹
152 3674 198 3752 (ι)
219 3636 377 3742 νιιόι.
397 3669 435 3746 ιι
455 3668 581 3741 rann
601 3665 656 3738 ιιι.
674 3688 703 3739 v.
813 3618 818 3628 ’
874 3664 885 3698 2
