2416 4096
162 163 216 289 ¹4
339 228 343 235 .
402 180 647 276 n'rscrru
676 200 940 274 marren.
999 240 1012 248 „
1071 228 1078 237 x

54 291 58 295 ’
153 305 444 383 serumserum:
469 316 562 395 auos,
582 313 631 396 qu
653 313 865 384 unanimem
884 314 1051 382 acuamur
1070 316 1172 400 regen

153 397 323 464 naturalem
347 399 518 488 appeliant,
542 397 619 461 viros
639 397 669 463 in
682 398 782 475 primis
802 399 948 466 acutos&
967 399 1088 469 dubios.
1112 401 1173 479 Sed

152 478 296 570 qnoniam
318 478 366 548 lex
388 482 507 560 proprie
528 474 607 543 disia
631 480 712 544 nulla
733 479 773 544 est
794 478 1044 560 fineobligarione
1066 504 1170 549 mora-

153 557 200 648 lr;
232 578 330 640 neque
351 560 411 626 baec
434 559 485 624 uis
508 561 545 623 ab
566 561 731 636 imperante
750 585 760 643 3
792 583 846 626 nec
867 580 975 627 uarora
995 561 1129 638 sennua
1149 587 1169 632 a

53 665 55 674 ·
150 643 225 710 Deo
247 646 372 728 imperat
392 645 574 727 quidquam,
595 641 709 708 tametsi
721 643 880 720 plurimum
904 644 1091 724 pluribusque
1102 668 1168 713 mo·

132 725 197 803 ,dis
217 744 271 786 nos
293 742 483 788 commouere
505 723 613 803 poss1r3
636 741 749 790 narurae
770 724 829 789 illae
851 725 1057 803 propeubones
1080 773 1091 806 ,
1114 747 1165 798 aut

148 803 237 878 rebiae
258 805 380 875 rationis
401 803 584 883 dibiamiua,
606 806 748 886 principia
769 807 887 887 quidem
908 807 965 871 esic
986 808 1167 886 possuntie·

149 887 196 966 gis
216 887 337 966 alicujus
359 887 502 950 naturalis
522 887 741 973 cognoscimur,
773 905 806 951 ur
829 904 937 952 vocant
960 911 968 950 r
1001 888 1048 955 lex
1079 909 1168 959 certe

148 990 208 1041 non
233 970 318 1047 sunt„
339 963 392 1030 nifi
415 965 472 1032 boc
493 972 639 1035 vocabulo
661 970 826 1047 turpissime
846 971 928 1034 abuti
941 971 1086 1053 velimus,
1109 992 1171 1038 aut.

148 1072 266 1124 morum
290 1051 367 1128 leges
388 1069 454 1116 cum
486 1050 602 1128 legibus
634 1070 793 1127 corporum
826 1051 928 1117 inscite
959 1053 1161 1130 perturbare.

148 1133 270 1212 Quibus
291 1151 328 1197 ex
351 1129 437 1195 rebus
457 1131 632 1212 conficitur,
655 1151 673 1197 a
694 1149 800 1197 natura
824 1134 883 1198 Dei
904 1153 1024 1197 omnem
1039 1136 1073 1196 de
1094 1133 1162 1214 lege

147 1232 183 1278 ac
206 1213 269 1294 jure
291 1230 425 1291 narurae,
444 1211 477 1276 bc
499 1213 653 1294 moribus,
674 1214 902 1296 disputationem
924 1214 1025 1295 suscipi
1038 1214 1160 1304 inchoa-

70 1319 72 1323 ·
144 1295 229 1373 rique
248 1311 404 1375 oportere,

186 1375 305 1442 Nosirae
325 1376 416 1461 igitur
435 1374 623 1444 tradicionis
643 1378 704 1442 hacc
734 1376 791 1442 erit
813 1377 858 1441 via
881 1375 915 1445 &
936 1377 1032 1447 ratio.
1071 1380 1160 1446 Prin·

104 1446 112 1474 Ι
142 1457 221 1539 cipio
242 1457 271 1523 in
293 1475 430 1523 naturam
453 1458 544 1537 ipsam
567 1462 726 1525 humanam
740 1459 939 1538 inquiremus,
961 1459 1159 1531 ostendemus-

143 1560 202 1630 que
224 1540 397 1622 bominem,
417 1539 469 1627 qui
492 1560 570 1606 nunc
590 1536 652 1626 cst,
672 1560 778 1606 natura
800 1540 858 1619 ipsa
882 1543 1001 1608 beatum
1022 1539 1156 1611 'essenon

142 1624 242 1705 posse,
274 1619 410 1708 necunde
429 1623 495 1701 sege
515 1619 674 1690 diresirice
701 1624 736 1689 ad
761 1623 976 1710 beatitudiuem
1000 1623 1046 1686 seu
1071 1642 1158 1691 naru-

140 1707 258 1784 raiem,
281 1705 328 1768 sen
349 1705 470 1772 alterius
483 1704 575 1782 virae,
595 1702 678 1771 resia
703 1725 834 1790 unquam
846 1707 1042 1789 contendere.
1067 1705 1154 1772 Tum

142 1785 220 1853 hanc
241 1786 335 1863 legem
357 1785 477 1861 exigere
498 1785 697 1861 legislatorem
722 1787 747 1847 sa
772 1784 962 1849 ienrissrmum
986 1833 995 1854 .
1038 1786 1154 1853 Tertio

140 1863 402 1953 pressanrilsrmam
426 1864 501 1927 hanc
521 1866 664 1930 Mentem
687 1809 840 1942 eufisiere,
870 1883 959 1959 arque
980 1870 1017 1935 ab
1037 1888 1072 1933 ua
1094 1872 1154 1935 tori

141 1945 296 2015 imminum
319 1944 419 2026 generi
440 1945 534 2024 segem
567 1944 704 2029 insitam,
737 1967 830 2028 eaque
863 1945 1008 2026 sapienter
1039 1950 1154 2015 consui.

139 2043 228 2100 tum,
270 2026 391 2112 Quarto
412 2042 514 2094 eorum
537 2026 688 2108 systemata
709 2026 970 2113 refellemus„qui
992 2051 1084 2108 quum
1107 2031 1156 2110 jus

139 2128 255 2182 narurae
275 2107 422 2190 explicare
444 2111 575 2204 velient,
597 2111 724 2191 stirpitus
745 2110 928 2195 ereilerunr.
958 2109 1079 2190 Quinto
1096 2133 1154 2178 eo-

141 2211 207 2259 rum
228 2187 384 2278 opiniones
414 2187 498 2272 super
528 2193 680 2273 principiis
700 2192 773 2272 juris
804 2210 915 2260 narorae
946 2191 1155 2272 cognrrsritior's

138 2274 374 2357 perpendemus,
397 2273 446 2358 qui
470 2276 600 2342 maxime
620 2274 827 2353 celebrantur,
848 2273 1026 2360 probarique
1046 2289 1063 2332 a
1085 2276 1155 2348 plu.

139 2356 220 2426 ribus
241 2353 358 2432 solent,
393 2375 511 2440 unaque
530 2369 619 2432 opera
640 2354 790 2439 notiones
798 2351 906 2427 primas
935 2349 1007 2426 legis
1037 2364 1162 2421 naturae,

137 2437 346 2518 expediemus,
366 2451 401 2498 ac
423 2436 537 2516 regulas
558 2430 705 2516 paucas&
725 2431 873 2512 genericas
893 2429 1061 2509 trademus,
1082 2434 1152 2512 qui.

137 2520 191 2591 bus
211 2521 306 2596 legem
338 2513 419 2584 issam
451 2531 564 2580 naturae
595 2512 713 2593 singuiis
744 2511 972 2578 obvenientibus
1001 2510 1151 2590 speciebus

136 2603 276 2677 adaptare
297 2597 455 2684 possrmus,
498 2595 618 2680 Quibus
638 2593 808 2672 omnibus,
842 2591 920 2675 quas
944 2590 1055 2664 sciiicot
1090 2614 1147 2672 pro

135 2676 321 2769 specimine,
351 2682 478 2744 alterum
502 2677 636 2746 libellum
658 2677 830 2757 addemus,
860 2696 920 2757 quo
948 2675 1145 2770 quemadmo3

131 2764 204 2912 fun
228 2776 271 2845 ῃ
306 2774 343 2829 us
362 2757 494 2830 {nuribus
512 2760 611 2834 officia
631 2762 808 2838 ducantur,
838 2759 937 2843 paucis
966 2759 1145 2835 explicaturi

146 2857 250 2916 smus,
284 2889 289 2896 ·
796 2855 812 2865 ““
