2416 4096
127 167 185 250 ”⁶
357 147 606 252 nisctnt.
646 160 937 261 sennense..
984 178 986 182 ‘

81 301 84 308 '
122 293 265 367 coimus,
308 291 361 359 Ne
382 289 429 357 cui
450 309 550 357 autem
583 289 732 372 scrupulus
752 312 788 356 et
812 291 960 356 vocabulis
991 290 1142 379 incesset,-

110 376 345 457 ¹animaduertat
363 374 484 458 queso,
505 394 557 439 nos
579 369 719 451 desideria
739 370 773 438 δι
793 371 989 456 aversationes
1011 375 1049 439 ab
1073 372 1133 439 ele·

8 525 10 534 .
117 452 270 522 dionisus
292 454 485 532 uoluntariis,
506 453 811 537 quaillaetegontur,
834 453 1057 534 discriminate..
1083 459 1139 526 Ao

116 534 263 622 desideria
285 538 403 617 quidem
426 537 575 635 appellefe
595 535 780 615 primasillas
798 552 912 612 netnrae
932 537 1132 611 nollraecomf

116 619 269 684 motiones
291 636 379 704 atque
401 621 512 698 excitas
534 617 739 697 propensiones,
768 636 838 698 erga
870 620 947 694 bone
976 620 1129 702 cognitae

116 701 345 778 aversationes,
376 700 594 773 commotiones
613 719 647 768 ac
669 701 804 764 horrores
823 699 966 771 immissos
986 720 1005 765 a
1025 701 1130 782 cogni.

114 781 153 847 tis
173 785 274 852 malis.
298 780 412 847 Vocari
435 781 472 846 ab
494 781 559 845 aliis
581 780 676 857 solent
692 778 841 861 senssrioe
862 782 1128 872 netutaeesiesdus,

116 859 293 938 Elesliones
314 863 421 928 liberes
442 862 568 942 dicimus
590 865 778 941 voluntates.
801 860 976 946 Desideria,
997 863 1130 931 &aver-

114 944 242 1015 sationes
262 967 298 1020 ee
320 944 519 1024 opinabilibus
538 947 624 1011 bonis
646 946 693 1008 vel
714 945 800 1019 melis
823 943 986 1016 concitatas
1015 945 1046 1009 in
1072 964 1129 1022 ne,

112 1027 240 1094 cellariis
261 1043 374 1090 naturae
395 1027 500 1100 nollrae
516 1024 767 1109 (hypotheticis.)
789 1025 939 1107 motibus,
960 1024 1064 1106 quibus
1075 1027 1128 1094 in.

110 1109 227 1181 terdona
250 1106 505 1186 corripisolemus
525 1113 595 1190 ante
615 1128 736 1176 omnem
756 1106 1005 1174 consultationem
1026 1106 1059 1184 ὃς
1085 1112 1128 1175 li-

108 1187 211 1266 besam
233 1186 410 1273 eleslionem
432 1188 544 1264 idcirco
557 1188 728 1272 ponimus,
749 1189 778 1254 id
799 1189 879 1269 quod
900 1209 994 1271 quum
1013 1188 1125 1265 intimo

107 1266 250 1357 cujusque
280 1267 392 1352 sensu,
420 1287 486 1354 tom
509 1286 574 1339 tota
596 1271 751 1341 hominum
774 1271 854 1351 vite,
886 1279 921 1346 ‚ac'
951 1289 1057 1350 magna
1087 1295 1124 1345 o·

105 1350 223 1416 mnium
246 1348 435 1418 consensione
452 1354 685 1435 comprobetur,
800 1373 824 1410 ·.
1077 1404 1080 1408 .

145 1429 173 1514 §,
197 1431 259 1518 IV.
283 1431 437 1516 Desderia
458 1431 711 1505 &conlationes
731 1433 910 1525 quomqsunt
933 1432 964 1498 in
986 1434 1116 1510 potesla-

31 1573 32 1579 ,
90 1527 140 1587 'te
162 1514 306 1596 rationis,
327 1514 396 1597 vspot
417 1515 606 1593 voluntatum
629 1517 794 1582 liberarum
816 1531 948 1596 motiva.
974 1514 1008 1578 ld
1031 1533 1117 1595 petet

102 1597 311 1674 experimento
332 1597 468 1664 humanae
490 1600 582 1666 vitae:
615 1618 705 1664 nemo
737 1597 817 1660 enim
839 1594 998 1677 quidquam
1031 1594 1117 1679 eligit

101 1675 217 1756 libere,
237 1675 290 1747 nifi
310 1681 381 1760 quia
402 1683 536 1764 appetit:
568 1702 658 1747 tremo
679 1677 802 1758 rejicit,
829 1676 882 1757 nist
903 1677 973 1759 quie
993 1677 1058 1746 odit
1080 1699 1113 1753 e-„.

28 1803 29 1808 η
100 1757 309 1842 repletusque,
340 1761 391 1824 Ao
414 1762 534 1853 quando
555 1760 752 1825 indifferentia
773 1759 930 1840 eligimus,
954 1775 1006 1823 eut
1029 1779 1114 1829 recu·

99 1836 218 1923 samus,
247 1836 269 1914 si
292 1839 375 1907 nulla
396 1843 455 1905 elie
476 1838 550 1905 adfit
572 1841 656 1906 nobis
678 1841 748 1906 boni
770 1842 817 1903 vel
838 1840 910 1904 mali
927 1839 1030 1922 tatio,
1060 1845 1114 1906 ed-

97 1937 194 2063 enpue
215 1919 384 2000 appetitus,
406 1921 453 1991 vel
474 1918 640 2007 adersario,
660 1921 717 1984 hoc
738 1919 831 1998 ipsum
852 1923 982 2001 eligere,
1004 1921 1052 1985 vel
1065 1944 1114 1988 te.

95 2018 132 2080 su
147 2019 195 2079 are
216 2002 402 2094 appetimus,
423 2002 635 2087 ememusque,
659 2003 854 2069 Pallebantur
867 2001 1009 2083 proleslso
1028 2002 1112 2080 Stoi-

97 2081 146 2173 ci,
168 2102 235 2146 cum
259 2076 419 2162 sapiente‘m
444 2085 505 2162 sola
525 2087 662 2170 ratione,
681 2084 764 2157 nulla
786 2104 858 2156 vero
878 2083 971 2157 animi
993 2086 1111 2164 appeti.

97 2179 201 2254 reone,
220 2183 325 2240 omnes
345 2165 477 2236 essiones
498 2168 561 2232 suas
582 2187 685 2250 regere
705 2181 847 2247 oportere
866 2167 1030 2239 docebants
1054 2185 1110 2235 aut

95 2240 150 2310 urst
171 2241 375 2333 fallebantur,
395 2250 473 2328 quod
497 2248 619 2328 similius
641 2268 712 2314 vero
722 2249 783 2324 est,
806 2247 950 2324 imperitis
971 2246 1112 2321 impone.

92 2323 185 2392 bant.
229 2329 278 2398 At
298 2330 378 2391 enim
400 2332 441 2396 ite
464 2329 549 2406 plene
570 2328 713 2406 sapientes
732 2327 884 2396 essemus.
925 2323 1111 2399 Respondeo

94 2405 263 2486 hujusmodi
285 2406 428 2485 sepientes
448 2429 504 2472 nec
526 2424 631 2473 natura
653 2403 810 2489 progigni,
830 2425 886 2469 nec
906 2401 1108 2488 Bhilosopho.

89 2507 157 2552 rom
181 2487 297 2572 scltoliis
318 2488 414 2554 efficia
434 2488 475 2568 est
495 2491 575 2556 enim
598 2489 725 2570 dininas,
745 2507 811 2559 uon,
828 2485 967 2553 humane
988 2483 1108 2554 insiitu-

87 2567 197 2646 tionis.
218 2570 305 2658 Qoid
325 2569 404 2652 quod
427 2569 505 2636 tatio
526 2569 586 2651 ipsu
606 2590 667 2636 non
692 2568 807 2633 videtur
826 2588 880 2635 nos
902 2566 1106 2640 determinare

80 2648 124 2730 ‚ed
146 2656 313 2731 agendum,
334 2666 386 2720 eut
405 2651 593 2736 pellandum,
623 2647 677 2727 nist
698 2651 874 2732 voluptate,
900 2666 955 2717 ‘eut
976 2648 1102 2734 dolore,

84 2728 158 2822 idest
180 2732 323 2811 premio,
344 2734 392 2796 vel
413 2754 505 2814 poena
526 2732 701 2816 propositis?
730 2730 893 2815 [deestque
914 2731 1009 2811 perse
1030 2732 1103 2800 inti·
1142 2811 1144 2814 ,

83 2828 162 2900 totus
182 2810 370 2890 exploratum
391 2816 448 2881 elle
470 2815 585 2895 potest,
603 2814 626 2882 li
650 2813 774 2893 fingules
796 2811 859 2890 suas
879 2813 1012 2895 essiones
1032 2835 1101 2893 per·
1125 2872 1127 2877 ,

79 2892 209 2970 pendet.
233 2890 310 2970 Ejus
330 2910 429 2977 autem
452 2895 495 2962 rei
517 2897 597 2965 ratio
619 2893 678 2973 est,
697 2894 895 2974 quodnetura
917 2893 1013 2959 nolite
1027 2897 1099 2962 bee-

76 2973 261 3051 titudioem,
291 2975 340 3044 seu
362 2975 455 3041 enimi
477 2974 637 3056 perseslern
660 2977 791 3055 quietem
822 2975 856 3044 δι
875 2975 1061 3055 voluptatem
1084 3021 1096 3057 ,

77 3056 273 3132 continenter
292 3057 416 3142 quaerlr,
439 3056 548 3137 Itaque
568 3056 620 3122 ubi
642 3077 659 3120 e
681 3053 823 3126 defiderio
841 3054 894 3118 ‘vel
904 3056 1093 3139 aversatione

77 3135 207 3202 sollicite
228 3136 292 3217 esl,
322 3137 455 3218 quietem
478 3137 615 3225 expetit,
646 3139 693 3202 nel
715 3137 751 3203 ad
771 3132 924 3229 obiedium
958 3136 1092 3204 desiderii

75 3216 136 3284 sese
156 3219 383 3294 determinando
426 3219 475 3286 vel
494 3223 536 3288 ab
556 3219 677 3296 obieslo
698 3217 892 3289 aversationis
913 3220 1091 3286 seaverten-

20 3319 23 3322 ⁴
74 3300 321 3383 do.>Quumque
343 3266 425 3365 nulia
444 3300 563 3380 objesla
584 3298 765 3385 finiteplene
785 3318 850 3363 eam
875 3300 1013 3381 perficere
1026 3304 1091 3380 pos.
1121 3309 1138 3363 l.

65 3375 153 3458 ‘'fiut3
185 3381 252 3444 inde
273 3382 307 3451 lic
329 3381 403 3466 illud
425 3386 486 3462 esi,
514 3401 548 3449 ut
570 3399 715 3462 perpetuo
737 3380 826 3446 anxie
847 3380 902 3462 fit,
932 3397 1022 3463 etque
1044 3383 1091 3447 in-

70 3460 204 3532 constans
226 3465 423 3543 perplurima
445 3467 630 3547 divagetur.
673 3462 822 3537 Ceterum
855 3472 914 3528 non
947 3464 990 3527 ita
1024 3465 1087 3531 linc

53 3542 232 3623 *propositio
253 3545 447 3625 intelligenda
469 3548 540 3624 ell,
570 3542 651 3631 quast
681 3547 742 3609 haes
773 3543 888 3608 motiva
920 3544 1083 3610 necessario

30 3661 36 3682 ι
61 3643 125 3690 nor
146 3625 368 3699 determinent:
391 3646 460 3693 nam
483 3646 575 3707 quum
596 3624 714 3705 obiesla
737 3623 948 3707 desideriorum
970 3628 1086 3693 nostro-

507 3759 530 3768 ..
644 3755 646 3761 .
977 3729 1044 3782 slim
