2416 4096
184 189 208 235 2
362 124 623 233 xursctut„
654 155 924 232 meritust.

142 294 227 339 mus.
250 273 334 352 Saepe
353 274 433 338 enim
455 272 555 357 edixi,
578 291 612 338 ac
633 270 700 337 dico
709 273 841 357 iterum,
863 289 954 353 quum
976 281 1073 336 totam
1084 269 1162 338 Phi-

142 354 331 436 losophiam,
352 370 419 419 tum
438 353 514 425 ltanc
535 352 695 442 praesertim
716 355 924 432 subtiliorem,
944 373 1007 419 nou
1028 369 1096 421 tam
1117 357 1162 423 le·

141 435 269 518 dlioue,
283 455 373 520 quam
395 436 590 503 meditatione
611 434 734 502 confici.
756 436 807 502 Ac
828 456 893 501 mea
914 435 1029 516 semper
1042 434 1164 505 senteu-

143 518 189 587 tia
210 518 288 598 suit,
308 517 405 583 obesse
425 516 470 583 his
491 517 529 582 iu¹
542 516 629 582 rebus
650 518 807 597 plurimam
831 514 1014 596 iediionem,
1043 535 1106 596 qua
1118 538 1175 584 -ο-.

142 617 266 666 necatur
287 603 378 692 magis
399 599 564 677 memoria,
586 617 675 678 quam
698 619 779 665 mens
800 599 1018 666 illuminatur.
1048 597 1161 677 Quum

143 681 206 753 haec
225 679 369 762 principia
390 680 421 744 in
443 680 614 746 societatem
626 680 785 747 humanam
807 679 969 745 derivanda
982 681 1070 763 suut,
1093 681 1163 753 'usu-

122 819 126 827 .
144 783 204 845 que
224 763 465 845 comprobanda,
487 775 551 826 tum
573 782 650 828 vero
671 766 790 830 tandem
812 778 927 829 naturae
946 759 980 854 dc
1002 761 1165 830 homiuum

144 842 473 921 historia'petdiscenda
494 843 558 926 ell3
579 843 608 908 id
622 847 702 924 quod
723 843 841 924 nectit,
861 863 916 909 uec
936 858 995 907 rrte
1015 841 1167 923 lieripot-

144 924 207 1016 esl,
243 924 297 992 nist
317 944 408 1016 quum
430 944 491 990 non
513 925 624 1070 infensi
646 941 764 992 tantum
786 926 883 1004 vires,
918 925 966 990 sed
996 926 1043 1018 in·
1058 927 1167 1006 primis

141 1007 283 1085 pudicium
306 1011 466 1086 plurtmum
488 1007 544 1072 ado
559 1007 671 1074 everit.
693 1009 798 1089 Quare
818 1007 873 1089 fit,
893 1006 1066 1087 quodditr,
1086 1013 1167 1086 pauss

141 1110 198 1171 ca,
231 1109 325 1168 eaque
346 1083 543 1171 medimna,
573 1086 712 1170 tacitique
734 1093 780 1155 via
802 1087 836 1154 ἃ
856 1089 998 1167 ratione,
1028 1087 1167 1167 philoso-

140 1169 225 1250 phari
247 1168 456 1246 incipientibus
476 1172 532 1233 esse
554 1173 767 1253 proponenda,
790 1191 828 1235 ne
848 1169 958 1250 ingenii
978 1170 1081 1236 nativa
1094 1170 1165 1251 vis,

142 1253 290 1330 ardorque
310 1249 466 1326 indagandi
488 1252 682 1317 retundatur.
707 1254 775 1330 Ea,
794 1252 848 1333 qui
869 1250 1068 1331 profecerint,
1089 1251 1162 1317 lou-

142 1332 265 1413 giusque
286 1329 477 1410 procellerint
497 1332 531 1397 dt
550 1348 637 1398 aetate
659 1331 871 1411 &doenum
891 1333 967 1413 ipsos
986 1353 1039 1410 per
1059 1331 1089 1397 se
1106 1353 1163 1399 au·

48 1488 53 1495 ,
141 1433 232 1492 gere,
263 1433 391 1492 ornare,
421 1409 456 1477 δι
486 1414 520 1481 in
541 1400 689 1499 publicam
720 1416 887 1483 utilitatem
915 1430 1092 1483 conuertere
1123 1435 1163 1483 c-

140 1509 264 1577 portet.
1106 1520 1110 1529 ·

181 1575 382 1644 Mirabantur
402 1594 503 1645 autem
526 1576 646 1646 sortasse
665 1576 834 1658 nonnulli,
867 1575 938 1660 quid
968 1573 1060 1644 causae
1090 1572 1162 1660 fit,

139 1679 194 1724 cur
214 1655 248 1722 &
269 1662 433 1726 denatura
454 1661 516 1739 Dei
538 1662 567 1727 io
589 1663 646 1729 hoc
667 1663 772 1730 libello
791 1661 925 1726 disseram
946 1706 957 1741 ,
988 1656 1021 1723 δι
1050 1657 1089 1725 ab
1120 1679 1161 1724 eo

141 1741 187 1820 jus
208 1743 344 1805 naturale
365 1759 521 1821 repetam:
546 1762 614 1808 narn
637 1746 669 1810 dt
690 1746 728 1810 de
750 1743 834 1809 bisin
856 1741 1053 1821 superioribus
1072 1741 1160 1806 lucu-

140 1821 239 1886 lenter
260 1818 294 1884 &
315 1824 431 1902 copiose
453 1821 552 1889 allum
585 1827 655 1905 cll,
689 1842 849 1905 metuoque
879 1844 918 1887 ne
939 1821 1059 1888 moselle
1078 1847 1095 1903 ,·
1124 1820 1161 1886 &

140 1898 281 1982 quosdam
304 1905 361 1968 elle
382 1903 513 1983 constat,
543 1909 593 1985 qui
614 1929 704 1987 quum
728 1907 772 1986 jus
794 1907 823 1971 iu
845 1922 950 1976 tratura
973 1905 1030 1970 elle
1051 1906 1164 1975 docere

141 1982 321 2064 instituunt,
342 1986 418 2050 adeo
438 1983 490 2050 stbi
512 1986 666 2055 considunt
687 1988 721 2056 δι
741 2007 879 2066 naturae,
898 2001 932 2052 ut
952 2007 1020 2055 cum
1042 1988 1172 2054 Atheis··

142 2085 209 2130 tem
224 2066 344 2158 ‚nullam
369 2066 479 2132 habere
500 2070 576 2138 velle
597 2089 649 2139 aut
669 2072 776 2139 debere
798 2070 937 2137 edicant.
966 2068 1023 2136 Sed
1043 2071 1094 2149 qui
1115 2071 1162 2135 ita

140 2147 303 2239 ptaedtcant
324 2146 352 2213 se
373 2151 466 2214 totius
486 2151 561 2230 rei,
589 2154 625 2219 nd
647 2174 735 2236 qnam
759 2153 962 2233 explicandam
985 2151 1163 2230 aggrediun-

138 2245 211 2304 tur,
233 2247 350 2308 rgnaros
371 2231 567 2311 profitentur.
590 2238 674 2304 Nam
696 2236 730 2300 dt
751 2239 885 2314 oportuit
905 2236 988 2322 hanc,
1003 2230 1163 2295 traslatiu·

141 2331 233 2391 nem,
254 2330 344 2392 qnam
367 2314 491 2394 egoalia
512 2320 631 2391 ratione
650 2315 762 2389 &vina
785 2334 873 2394 quam
895 2313 1066 2387 superiora,
1086 2328 1161 2372 con-

54 2432 56 2438 ·
130 2391 335 2473 scripseram,
366 2394 460 2460 esuis
481 2397 630 2479 principiis
648 2393 809 2476 proficisci3
840 2393 873 2456 δι
902 2389 1017 2482 nullum
1039 2387 1096 2480 elie
1127 2387 1162 2458 in

141 2493 250 2542 natura
271 2471 318 2554 jus
338 2479 451 2556 potell,
472 2480 554 2545 nulla
576 2481 632 2544 elie
652 2497 669 2540 a
690 2472 878 2553 nuturaipsa
898 2469 1055 2538 constituta
1078 2472 1161 2548 pulli-

140 2556 208 2638 tia,
240 2555 316 2624 nihil
337 2575 442 2623 natura
463 2560 614 2627 honelium
635 2570 687 2620 aut
707 2571 814 2637 turpe,
843 2554 895 2619 ubi
917 2569 968 2618 aut
990 2552 1075 2618 Deus
1096 2575 1159 2621 nou

143 2635 204 2713 eil,
226 2653 277 2705 aut
298 2658 397 2705 rerum
420 2642 615 2706 humanarum
637 2637 751 2705 nullam
774 2635 865 2703 habet
886 2635 1125 2718 procurationem
1147 2683 1174 2724 .,

144 2718 256 2801 Itaque
275 2717 305 2782 id
328 2741 420 2807 quum
443 2719 591 2787 excidisset
615 2719 750 2796 Grotio,
783 2720 850 2786 viro
879 2718 1011 2801 alioquin
1041 2716 1160 2784 erudito

142 2798 177 2864 δι
199 2799 383 2882 perspicaci,
408 2805 439 2869 in
460 2800 614 2881 dollorum
636 2803 771 2868 omnium
802 2802 934 2867 virorum
956 2797 1157 2877 reprehensio-

141 2901 211 2946 nem
225 2883 379 2951 incurrit.
399 2886 451 2950 Ac
473 2904 567 2963 vero,
584 2882 639 2947 nifi
651 2883 822 2963 vocabulis,
841 2883 921 2962 quod
941 2879 1157 2958 graviffinisin

142 2964 231 3030 rebus
252 2965 424 3042 jamdudum
447 2964 544 3033 secere
566 2964 802 3044 consuevimus,
827 2963 918 3028 nobis
938 2963 1062 3028 illudere
1083 2960 1159 3053 veli-

142 3066 233 3126 mut,
253 3048 297 3124 jus
318 3049 391 3114 illud
410 3045 491 3129 quod
512 3070 615 3128 cogens
635 3045 767 3129 dicitur,
787 3048 835 3111 lex
853 3090 864 3124 ,
884 3066 950 3127 quae
972 3043 1090 3108 bonella
1111 3064 1159 3121 Ju-

140 3125 214 3210 bet,
248 3145 389 3210 vetatque
408 3128 579 3206 contraria,
608 3129 664 3195 elle
684 3129 767 3196 nulla
797 3125 889 3215 potest
911 3126 968 3193 toti
1001 3124 1159 3190 hominum

126 3210 247 3288 ¹generi
268 3209 457 3287 eommunis,
486 3206 540 3274 nisr
562 3212 653 3277 totius
673 3211 796 3281 humani
816 3210 932 3291 generis
953 3209 1101 3288 supremus
1122 3207 1175 3274 lit·

138 3289 248 3372 aliquis
269 3291 443 3375 legislator:
467 3311 521 3356 nec
542 3313 638 3374 vero,
659 3294 709 3359 ubi
722 3295 825 3361 Deum
846 3290 1013 3369 sustuleris,
1031 3289 1071 3355 eil
1083 3287 1159 3357 altus

139 3373 233 3440 totius
253 3373 408 3438 hominum
431 3374 546 3450 generis
566 3377 749 3456 imperator.
770 3377 892 3442 Natura
913 3376 1018 3453 enim,
1038 3391 1103 3453 quae
1115 3370 1162 3436 di·

140 3457 241 3533 citur,
261 3452 351 3520 aDei
374 3453 404 3521 vi
424 3451 458 3522 δι
479 3456 608 3538 imperio
629 3458 798 3538 segregata,
819 3472 870 3523 aut
891 3454 1030 3534 cujusque
1050 3449 1159 3520 ellsro-

139 3537 251 3615 gularis
271 3549 379 3602 natura
401 3584 411 3617 ,
442 3559 539 3621 aqua
560 3540 675 3607 nemini
695 3541 845 3623 quidpiam
867 3537 1010 3618 imperari
1031 3534 1125 3618 potest
1145 3559 1159 3614 ς
1182 3591 1186 3598 ,

96 3628 99 3660 ¹
140 3634 193 3687 aut
214 3637 296 3685 mera
325 3620 435 3690 meotis
455 3619 593 3693 humauae
624 3623 710 3692 notio
730 3615 886 3708 efficitque
914 3635 1004 3702 atque
1032 3638 1050 3684 a
1072 3617 1159 3684 rebus

944 3781 950 3790 ¹
1049 3695 1116 3808 rpus
