2416 4096
283 128 360 229 ne
401 124 557 199 uror
598 123 945 231 mutuanti.
1036 154 1077 215 79

54 268 87 337 ρ,
108 243 246 313 sternatis
264 242 376 311 bonum
397 239 429 330 in
451 235 592 307 omnibus
612 234 767 317 spellare3
795 228 829 306 e'a
849 237 888 307 ab
907 240 946 307 iis
966 236 1124 309 habebitne

54 370 85 421 2
109 326 261 403 lelicitas,
280 343 338 407 qua
360 318 645 411 majorem'nullam
667 318 739 397 iplae
758 315 809 411 sabi
828 322 959 401 przstare
980 323 1123 405 polluntq

64 434 73 445 ·
109 429 184 475 uam
205 406 286 474 nulla
305 422 410 471 earum
431 401 519 467 alteri
538 399 700 482 quidquam
722 396 914 485 maltlnciet‚
931 404 1108 472 &omnem

54 454 83 583 ἔ
111 510 173 572 qua
193 488 310 569 pollet,
329 503 418 563 opem
438 481 525 576 alteri
546 482 641 550 leret.
665 482 786 576 Exggt.
800 478 832 575 ‘lt
852 500 887 546 ea
904 448 1123 567 bppntbefisai

54 614 61 633 .
112 569 248 637 homines
269 581 391 634 tantum
411 563 754 641 rellrtugatur,caceb1c
778 578 842 627 vita
864 562 988 635 bumana
1008 570 1044 636 iis
1054 589 1121 636 ma-

109 652 166 731 lis,
185 672 258 734 quae
275 644 390 725 ¹bomini
410 642 478 712 sunt
498 647 538 709 ab
557 644 700 725 bomine,
718 666 785 725 quae
804 664 954 726 numero,
970 646 1003 713 bt
1020 650 1120 721 inten.

54 784 57 795 .
106 732 199 799 fitate
219 728 354 805 omnium
374 728 441 793 lunt
462 723 618 807 matima3
640 725 674 791 dt
692 727 879 793 econtrario
898 725 1121 801 irueturomnb

54 812 57 827 '
107 816 169 881 bus
188 813 226 877 iis
245 809 345 889 bonis,
364 811 474 891 quibus
493 808 694 887 ptaeliantiora
715 806 831 874 anullis
850 809 1041 877 aliisoaturte
1050 814 1118 881 cau.

113 896 155 961 sus
170 894 288 973 ,sperare
308 889 424 969 potest.
466 888 552 970 Ergo
570 889 708 956 dubitare
726 910 786 955 non
807 890 981 969 pollumus,
1010 894 1117 973 quinli

113 976 216 1042 omnia
237 973 324 1053 buius
346 970 508 1053 lyllematia
528 966 739 1037 intellectualis
760 972 894 1039 membra
904 990 1013 1039 mutua
1033 972 1122 1040 [εδει

108 1056 285 1129 petulentia
318 1050 575 1133 compleAEiantur,
605 1072 671 1119 eam
695 1052 746 1119 bic
778 1052 952 1120 felicitatem
983 1054 1120 1121 habitura

107 1136 190 1219 fine,
209 1133 295 1215 cujus
314 1134 374 1215 ipsa
396 1134 464 1201 sunt
482 1134 623 1214 capacia.
643 1134 797 1201 Ponamus
815 1134 886 1201 item
901 1136 964 1202 bac
982 1136 1123 1203 membra

108 1218 169 1287 lese
189 1216 299 1284 mutu'o
318 1217 476 1294 lacclicre,
505 1217 538 1282 iu
558 1230 664 1283 mutuo
684 1215 740 1281 elie
770 1217 850 1282 bello
869 1216 903 1283 dt
924 1217 1084 1285 inimicitia
1106 1240 1122 1300 3-

105 1300 186 1367 nibil
207 1298 341 1365 miserius
360 1317 465 1363 eorum
488 1298 551 1364 vita
570 1295 734 1377 excogitari
754 1298 883 1377 poterit.
902 1300 1120 1367 Demoniirant

105 1379 138 1449 id
160 1382 241 1445 bella
262 1379 420 1445 nationum
439 1379 562 1457 ciuilia,
580 1399 673 1462 eaque
687 1378 815 1457 Europae
826 1398 984 1461 tempora,
1005 1383 1116 1464 inqui-

103 1463 162 1527 bus
183 1460 258 1525 nibil
278 1477 341 1527 erat
361 1460 421 1527 ulla
443 1459 474 1525 in
495 1480 578 1539 parte
587 1459 721 1540 quietio,
738 1460 816 1524 nibil
837 1461 949 1541 laudii,
971 1462 1044 1527 nibil
1063 1487 1114 1529 eu·

107 1540 236 1622 jusque,
265 1541 313 1607 Ex
334 1542 442 1621 quibus
461 1536 581 1606 coniicit
600 1540 863 1620 Cumberlandur‚
882 1560 1018 1609 mutuam
1038 1544 1114 1629 bane¹

106 1622 345 1689 benevolentiam
369 1621 501 1707 primum
532 1622 591 1685 elic·
619 1620 846 1687 [undamentum
878 1621 1030 1688 felicitatie
1048 1625 1115 1691 vitae

103 1703 268 1782 humanae,
296 1721 388 1783 atque
406 1700 518 1767 idcirco
537 1704 668 1784 primurn
688 1722 808 1784 quoque
826 1703 1051 1790 {undamentum
1072 1705 1116 1769 le·
1169 1744 1174 1751 -

124 1806 176 1849 um
198 1782 336 1855 omnium·
355 1781 566 1867 naturalium,
582 1804 648 1865 quac
669 1784 744 1849 banc
766 1784 940 1850 felicitatem
961 1781 1117 1867 speciant,

101 1805 151 1947 ita
173 1868 371 1943 ratiocinatur
389 1865 471 1945 Cap.
489 1865 651 1937 blandati
671 1867 771 1943 operis
794 1864 824 1949 ᾗ,
847 1864 912 1933 Ille

145 1947 176 2029 i.
197 1949 242 2015 V.
263 1950 372 2027 Neque
394 1969 466 2013 vero
487 1963 538 2014 aut
559 1949 719 2013 arbitraria
738 1949 778 2035 eli
799 1969 834 2013 ea
847 1948 1039 2031 hypothesis,
1057 1963 1112 2035 aut

100 2031 225 2099 obitura
241 2075 253 2107 ,
271 2030 304 2093 dc
324 2033 425 2106 ignota
446 2029 643 2095 mortalibus,
664 2031 746 2093 Nam
769 2028 853 2095 nulla
871 2032 1041 2109 evidentior
1057 2034 1110 2099 de-

103 2110 283 2174 monstratio
302 2109 426 2191 proiecti
447 2108 560 2185 potest,
581 2129 639 2188 qua
659 2111 827 2174 ollendatuc
839 2110 957 2177 caulam
976 2115 1111 2197 aliquam

104 2192 166 2255 elle
188 2189 384 2270 veram,nil1
406 2188 489 2265 bac,
508 2190 587 2268 quod
608 2208 643 2252 ea
664 2190 748 2253 caula
769 2188 861 2268 pobta
874 2238 889 2271 ,.
905 2194 1025 2273 effultus
1041 2196 1107 2261 re'a.

100 2272 153 2352 ple
171 2273 329 2353 lequatur3
348 2269 471 2349 ablata,
490 2268 664 2336 auferatur«
704 2269 812 2350 Quum
834 2286 933 2334 autem
964 2294 1000 2338 ea
1018 2274 1108 2341 be'nm

100 2354 235 2420 volentia·
255 2353 287 2417 dc
310 2354 491 2433 communis,
509 2351 584 2435 boni
610 2349 726 2429 generis
748 2349 964 2431 humanicuta
983 2350 1076 2433 posita
1097 2400 1109 2435 ‚

98 2437 216 2518 alteque
237 2435 327 2500 inlita
347 2435 484 2500 humanis
503 2428 695 2513 pedoribus,
716 2428 898 2519 singulorum
919 2433 1108 2501 nascatutlc-

100 2516 196 2581 licitas
208 2540 222 2594 ,·
251 2519 374 2594 ablata,
400 2516 581 2597 amittatur3.
607 2516 647 2581 est
668 2536 703 2581 ea
723 2512 811 2579 caula=
844 2535 916 2581 vera
935 2515 970 2581 &
993 2532 1075 2585 certa
1095 2566 1106 2587 .

100 2596 286 2676 Quinimmo·
304 2617 394 2673 quum
416 2618 474 2658 non
497 2596 554 2661 alia
574 2596 690 2662 ratione
709 2595 776 2661 finis
805 2594 857 2660 ille
886 2597 1019 2665 obtineri
1037 2600 1104 2679 poi-

95 2677 162 2756 lit,
179 2680 225 2742 uti
245 2697 297 2757 per
319 2679 347 2739 le
368 2677 548 2754 perspicuum
572 2679 638 2754 οὓς
669 2677 709 2742 est
729 2696 849 2756 quoque
871 2680 954 2745 caula
974 2683 1103 2748 necella-

97 2763 166 2825 ria.
187 2760 234 2826 lta
257 2757 453 2823 ratiocinatur
473 2757 579 2821 eodem
600 2756 632 2821 in
651 2778 718 2838 cap.
740 2756 773 2840 §f
792 2757 878 2828 Vll,
916 2762 990 2844 Quo
1012 2765 1103 2829 modo

95 2843 198 2919 regula
218 2839 353 2906 soluendi
372 2837 547 2919 geometrici
567 2838 688 2916 alicujus
710 2839 922 2921 problematis,
941 2846 1022 2925 quod
1041 2867 1106 2911 ono

94 2925 187 2989 modo
209 2923 285 2989 solvi
303 2923 416 3001 potest,
448 2939 520 2984 vera·
538 2922 656 3011 quidem
679 2923 739 3000 eil,
771 2919 791 2986 sa
823 2942 859 2988 ea
879 2925 1011 2991 adbibita
1032 2946 1102 3006 pro-

96 3004 240 3072 blematis
259 3004 370 3069 solutio
397 3001 563 3067 efficiatur:
595 3002 629 3067 ἃ
658 3000 841 3085 decenam,
867 3010 991 3088 qnando·
1017 3005 1101 3070 nulla

93 3089 158 3163 cius
180 3086 315 3151 solvendi
336 3086 393 3150 alia
416 3083 540 3163 lupercii
561 3083 633 3150 uia.
653 3084 774 3151 Deinde
793 3090 957 3167 nemoeli,
976 3087 1101 3167 quinon

93 3170 265 3247 intelligat,
286 3180 384 3230 totum
406 3166 561 3230 bominum
582 3186 673 3245 genus
693 3167 751 3232 elle
770 3186 976 3248 corpusunum
991 3210 1003 3244 ,
1020 3169 1100 3245 quod

93 3270 149 3316 nee
167 3249 271 3317 lanum
293 3246 350 3311 elle
370 3244 560 3329 potell,nil1
579 3249 712 3315 membra
732 3248 850 3332 integra
872 3249 928 3315 sint
949 3246 984 3313 δι
1006 3247 1098 3334 lana;

93 3350 147 3393 nec
167 3333 226 3396 tite
247 3327 414 3395 lonlliones
435 3328 500 3395 luas
518 3347 677 3415 peragere,
695 3329 750 3396 nili
770 3333 905 3397 membra
914 3328 1017 3395 omnia
1029 3329 1098 3399 har·

82 3410 208 3474 monice
227 3410 398 3490 conspirent
417 3409 447 3473 in
466 3411 594 3477 eundem
615 3410 728 3479 finem.
746 3413 852 3478 Nemo
873 3408 933 3486 est,
953 3433 1041 3493 quem
1053 3416 1097 3483 la.

92 3506 158 3557 tere
179 3491 283 3573 poliat,
313 3491 425 3557 bonum
459 3493 552 3557 totius
571 3489 659 3569 buius
678 3494 809 3572 corporis
830 3490 860 3556 in
890 3495 1023 3561 membra
1044 3500 1096 3561 de-

91 3572 209 3651 fluere,
227 3592 280 3639 otc
301 3574 424 3655 proinde
446 3576 578 3661 membro
599 3574 761 3658 tranquilla
781 3572 839 3638 elle
857 3574 955 3658 polle,
974 3577 1024 3643 ubi
1047 3595 1096 3642 to·

991 3673 1056 3722 tum
