2416 4096
993 148 1032 197 1¹

71 232 153 302 nulli
174 234 209 300 de
229 255 261 299 ea
280 229 380 315 magis
398 228 634 322 promeleantur,
653 229 804 319 {namqui
825 235 998 322 tydeum,
1020 263 1070 304 ne.

12 368 16 382 .
77 313 207 396 minem,
226 335 258 380 ut
281 310 314 378 in
327 310 464 402 feruere,
484 330 526 375 rra
548 333 579 374 rn
601 307 750 375 hamanum
790 340 886 404 unere,
905 320 960 403 effe
978 319 1071 402 poste,

77 395 136 478 niss
155 420 208 491 quc
227 413 338 460 natura
358 414 398 456 rm
418 409 466 484 etue
472 388 590 474 fertur,
610 387 740 482 mlle.
803 419 832 459 m
847 400 1072 482 caneturutsmt

79 495 184 558 cetere,
205 476 244 540 <u
267 469 322 557 ipfi
340 472 373 538 dr
401 496 519 537 rentsac
535 492 608 556 praec
645 472 757 553 tersuri
769 470 815 555 fic
833 478 1084 564 communemve,

36 596 43 621 0
77 573 173 638 vunt,
194 574 228 622 ut
251 551 410 701 intelligere
427 551 583 646 poffirnus,
623 577 744 646 cumana
764 572 871 622 natura
887 562 1071 645 consentanee

74 639 130 720 effe
148 641 249 706 velle.
277 631 325 714 Eli
363 660 398 701 ac
415 654 516 716 pruma
534 655 773 725 eaquemaxrma
814 660 876 720 qua
894 639 924 706 in
944 640 1071 711 hamini-

77 722 134 785 bus
155 717 208 800 effe
223 712 336 800 potell,
355 713 479 798 virtus,
500 711 740 797 utprrnctpiaita
773 715 872 801 iuguli
874 716 936 799 fibi
950 724 1072 807 persua.

76 800 186 879 deant,
208 801 288 862 &ut
307 797 362 879 effe
380 793 478 864 velint
498 822 516 862 a
537 812 645 861 natura
664 821 760 864 omnes
779 797 903 880 habere,
924 801 960 861 <r
979 801 1083 869 nemis.

80 903 143 945 nem
163 879 218 962 effi
232 880 337 971 posce,
358 875 410 942 ubi
431 876 532 958 alter,
552 892 587 939 ut
609 899 644 941 ne
664 875 722 969 alii
736 876 820 963 fine,
840 876 949 962 cupit:
970 881 1073 948 deinde

77 979 113 1028 ut
125 957 170 1040 ſse
182 960 220 1044 fle
238 959 373 1042 viresque
394 957 463 1035 luas
485 957 687 1040 moderentur,
709 980 741 1023 rn
760 983 846 1044 eaque
863 984 960 1026 omues
980 960 1073 1027 inten-

76 1044 175 1124 dant,
196 1066 252 1124 quo
272 1065 329 1105 non
351 1036 407 1132 ipfi
427 1055 567 1120 tantum,
579 1037 637 1122 scd
658 1037 743 1106 ceteri
762 1065 873 1125 quoque
892 1040 1074 1123 onnesfinr.

75 1131 122 1187 Eu
142 1147 197 1205 quc
218 1119 304 1188 aliud
323 1137 414 1185 ettam
435 1117 604 1204 conficitur,
622 1122 853 1188 uullamuatura
872 1120 1075 1190 leumanama-

72 1206 168 1289 jerem
188 1202 243 1284 effe
247 1199 498 1348 aperuerfitatem,
518 1199 634 1267 nullum
649 1199 805 1285 scelestius
822 1201 961 1287 vitium,
970 1203 1074 1288 sedne

74 1284 174 1351 ullam
195 1280 247 1366 qui
269 1307 313 1346 em
328 1280 477 1366 foediorem
496 1279 683 1358 amentiam,
703 1280 855 1368 magisque
864 1308 927 1350 cum
949 1285 1074 1370 ipsane·

69 1362 129 1447 stri
150 1381 259 1429 natura
281 1361 318 1425 (ἐν
338 1359 474 1427 utilitate
482 1380 693 1456 pugnantem,
713 1388 803 1447 quam
824 1360 932 1446 itaeffi
944 1366 1096 1449 affellos,¹

77 1467 113 1510 uc
136 1441 219 1510 nabis
238 1460 373 1525 tautum,
392 1444 488 1510 velem
504 1441 534 1523 fi
546 1440 609 1525 soli
630 1441 661 1508 iu
682 1446 803 1510 Tellure
816 1444 930 1527 fimus,
952 1443 1075 1526 studea-

78 1550 168 1607 mus,
187 1524 373 1607 ememusque
392 1521 547 1604 effeetiam
566 1547 631 1588 tum
653 1520 872 1591 tatiuslrumani
889 1525 1004 1609 generis
1007 1547 1075 1612 per-

69 1609 224 1672 'vercona
244 1605 301 1669 Sed
320 1601 463 1688 videtur,
483 1600 640 1686 inquiunt,
657 1625 680 1669 a
700 1601 792 1687 noslra
813 1601 952 1671 utilitate
973 1625 1076 1674 totaea

74 1683 227 1771 proficisci
245 1681 347 1751 virtue
354 1710 370 1764 ,·
390 1708 446 1768 quo
456 1686 520 1766 fit,
541 1704 575 1748 ut
592 1685 698 1769 ajunt,
731 1705 766 1751 ut
784 1711 818 1751 ne
838 1683 937 1754 vietur
955 1686 1077 1771 quidem

72 1765 135 1850 fit.
165 1763 264 1857 ‚Quaſs
281 1788 349 1833 vera
369 1768 448 1831 velle
468 1765 506 1829 (9
519 1760 636 1846 studere
655 1764 814 1850 quisquam
832 1767 916 1851 pofflt
943 1788 978 1833 ut
999 1775 1080 1836 alter

75 1849 140 1934 stt,
161 1845 213 1932 qui
235 1873 291 1913 non
312 1847 390 1913 modo
410 1845 506 1929 nolit,
521 1845 579 1930 sed
599 1871 634 1912 ne
647 1848 763 1930 sentiat
783 1848 902 1934 quidem
927 1850 962 1932 se
983 1850 1037 1930 effe
1060 1863 1073 1918 l

80 1940 183 2014 ltaque
204 1927 250 1994 ita
273 1925 321 2008 isli
341 1927 523 2019 disputant,
543 1947 577 2018 ut
596 1944 650 1992 aut
670 1929 905 1996 ounrcemomninc
923 1931 963 1996 eb
984 1931 1076 1999 homi-

78 2037 115 2077 ue
134 2009 310 2094 extirpatum
331 2028 473 2076 virtutem
492 2011 610 2090 velrut,
641 2026 694 2074 aut
716 2036 745 2076 eo
767 2008 963 2096 imprudentes
984 2037 1098 2099 regre-¹

76 2091 219 2169 dicutur,
240 2108 272 2154 nt
294 2090 471 2171 agnoscant,
493 2090 608 2154 nullam
627 2089 682 2170 effi
698 2093 776 2175 polle
797 2118 851 2158 non
871 2093 952 2158 uredo
972 2093 1077 2160 huma-

77 2199 146 2239 nam
157 2220 167 2252 ‚
175 2171 240 2267 sed
258 2193 309 2235 uec
326 2167 477 2261 divinitus
487 2166 640 2262 inditam,
658 2194 719 2260 quc
738 2172 821 2254 esua
836 2171 1076 2263 [elicientiscura

70 2252 115 2337 fit
129 2249 287 2338 Jejuul'la:
308 2275 378 2317 uam
400 2275 436 2317 ea
456 2271 621 2335 enprtmrs,
642 2251 911 2333 quiburdiviuttus
930 2278 1077 2338 eruamur,

58 2333 227 2413 uirtutes,
247 2331 288 2397 ad
296 2329 382 2415 nostri
420 2356 541 2416 eamque
549 2355 650 2399 veram
666 2329 848 2415 felicitatem
857 2337 1078 2417 promerendam

75 2413 159 2495 nobis
174 2412 312 2498 precipue
331 2381 506 2481 traduntur.
528 2411 652 2482 Nullius
669 2432 769 2505 autem
787 2412 915 2482 virtutis
935 2413 1078 2480 hominem

83 2517 215 2578 capacem
237 2494 350 2576 dicere,
371 2491 464 2578 nescio
484 2513 582 2560 utrum
597 2491 641 2574 fit
663 2493 875 2560 tatrhominum
898 2492 1079 2574 bisloriaad·

82 2573 218 2656 versari:
242 2571 363 2656 impium
373 2594 445 2638 certe
464 2569 526 2652 eli,
546 2574 633 2640 &ad
652 2599 764 2638 omnem
773 2570 830 2638 Dei
852 2573 1079 2658 beneficientiam

85 2655 125 2718 (t
144 2649 362 2734 providentiam
384 2652 543 2717 tollendam
564 2671 784 2735 comparatum.
804 2662 905 2748 Quare
924 2657 1078 2728 cuncluda·

81 2733 310 2824 machomum,
332 2729 508 2809 ltccninetad
526 2728 771 2816 hanevirtutetn,
791 2734 905 2818 etiamsi
914 2738 955 2804 ad
965 2736 1076 2806 idnul·

82 2824 113 2883 la
135 2839 186 2880 nec
205 2811 336 2905 divina,
357 2838 408 2904 nec
427 2811 556 2878 humana
566 2814 628 2898 lege
647 2812 701 2878 adi
722 2832 829 2908 antur,
847 2820 928 2902 asua
950 2818 1078 2902 ipsorum

79 2894 254 2976 canscientra
275 2893 411 2978 impelle,
440 2890 550 2976 effeque
571 2918 625 2959 ncu
646 2839 729 2960 madi>
749 2893 853 2980 impres
873 2899 911 2964 (t
924 2897 1079 2982 scelestas,

82 2976 137 3064 qui
157 2994 273 3059 contra,
293 2999 381 3058 quam
403 2994 511 3065 natura
559 2974 644 3058 scit,
664 2973 861 3062 adnituntur,
884 2980 944 3078 sed
961 2981 1079 3063 prorsus

81 3077 232 3125 amentes.
253 3056 508 3123 Preterea&rllu
538 3055 837 3144 animadvertamus,
858 3079 1077 3129 vertutemcum

81 3138 189 3213 ruitura
209 3161 357 3221 congruere
371 3139 508 3222 semper,
528 3134 601 3219 idest
619 3141 845 3224 eampefioere,
869 3138 1076 3229 &adfinem

85 3247 140 3305 quo
161 3237 221 3284 tota
244 3215 339 3310 tendit
352 3218 505 3311 κάκτανε,
526 3242 697 3305 eorumque,
716 3246 778 3305 qua
799 3219 869 3292 huic
888 3239 1046 3304 repugnent
1065 3269 1078 3304 ,

83 3327 146 3367 acce
170 3323 228 3365 crece
239 3301 310 3383 fiere
329 3319 470 3383 perorem.

123 3384 206 3446 Alter
225 3397 323 3446 autem
345 3376 414 3446 item
435 3380 538 3466 cuique
553 3378 706 3448 animanti
728 3379 852 3463 infitus,
887 3379 994 3467 quique
1023 3410 1077 3449 nau

82 3461 199 3544 magis,
220 3457 396 3545 quamprior
417 3458 492 3544 ille,
515 3454 847 3551 abeasepararipotell,
870 3456 1077 3548 impetuc,e,ll‚

82 3562 116 3610 ut
137 3543 206 3608 bene
220 3539 303 3625 stm,
326 3539 397 3625 idest
408 3539 472 3624 stne
493 3544 607 3626 dolore,
621 3541 684 3625 fine
704 3538 895 3624 egritudine.
925 3541 1079 3634 Postquam

981 3645 1046 3686 anx-
